|ScrapeTime|2020-01-02-23:26:53
|j|☆big fish men
|j|☆Hi there m10!
|player|p1|big fish men|caitlin|1173
|player|p2|Hi there m10!|56|1146
|teamsize|p1|6
|teamsize|p2|6
|gametype|singles
|gen|8
|tier|[Gen 8] OU
|rated|
|rule|Sleep Clause Mod: Limit one foe put to sleep
|rule|Species Clause: Limit one of each Pokémon
|rule|OHKO Clause: OHKO moves are banned
|rule|Evasion Moves Clause: Evasion moves are banned
|rule|Endless Battle Clause: Forcing endless battles is banned
|rule|HP Percentage Mod: HP is shown in percentages
|clearpoke
|poke|p1|Braviary, M|
|poke|p1|Dugtrio, M|
|poke|p1|Corviknight, F|
|poke|p1|Dragapult, M|
|poke|p1|Lucario, M|
|poke|p1|Hatterene, F|
|poke|p2|Cinderace, M|
|poke|p2|Clefable, M|
|poke|p2|Hatterene, F|
|poke|p2|Hydreigon, F|
|poke|p2|Dragapult, M|
|poke|p2|Excadrill, F|
|rule|Dynamax Clause: You cannot dynamax
|teampreview
|inactive|Battle timer is ON: inactive players will automatically lose when time's up. (requested by Hi there m10!)
|
|start
|switch|p1a: Dugtrio|Dugtrio, M|100/100
|switch|p2a: Cinderace|Cinderace, M|100/100
|turn|1
|
|move|p1a: Dugtrio|Earthquake|p2a: Cinderace
|-supereffective|p2a: Cinderace
|-damage|p2a: Cinderace|0 fnt
|faint|p2a: Cinderace
|
|upkeep
|
|switch|p2a: Hydreigon|Hydreigon, F|100/100
|turn|2
|
|move|p2a: Hydreigon|Dark Pulse|p1a: Dugtrio
|-damage|p1a: Dugtrio|8/100
|cant|p1a: Dugtrio|flinch
|
|upkeep
|turn|3
|
|switch|p1a: Lucario|Lucario, M|100/100
|move|p2a: Hydreigon|Dark Pulse|p1a: Lucario
|-resisted|p1a: Lucario
|-damage|p1a: Lucario|63/100
|
|upkeep
|turn|4
|
|switch|p2a: Dragapult|Dragapult, M|100/100
|move|p1a: Lucario|Flash Cannon|p2a: Dragapult
|-damage|p2a: Dragapult|32/100
|-damage|p1a: Lucario|54/100|[from] item: Life Orb
|
|upkeep
|turn|5
|
|switch|p1a: Dugtrio|Dugtrio, M|8/100
|move|p2a: Dragapult|Shadow Ball|p1a: Dugtrio
|-damage|p1a: Dugtrio|0 fnt
|faint|p1a: Dugtrio
|
|upkeep
|
|switch|p1a: Dragapult|Dragapult, M|100/100
|turn|6
|
|switch|p2a: Clefable|Clefable, M|100/100
|move|p1a: Dragapult|Shadow Ball|p2a: Clefable
|-damage|p2a: Clefable|61/100
|
|upkeep
|turn|7
|
|switch|p1a: Corviknight|Corviknight, F|100/100
|-ability|p1a: Corviknight|Pressure
|move|p2a: Clefable|Moonblast|p1a: Corviknight
|-resisted|p1a: Corviknight
|-damage|p1a: Corviknight|79/100
|
|-heal|p1a: Corviknight|85/100|[from] item: Leftovers
|upkeep
|turn|8
|
|move|p2a: Clefable|Thunderbolt|p1a: Corviknight
|-supereffective|p1a: Corviknight
|-damage|p1a: Corviknight|26/100
|move|p1a: Corviknight|U-turn|p2a: Clefable
|-resisted|p2a: Clefable
|-damage|p2a: Clefable|52/100
|
|switch|p1a: Lucario|Lucario, M|54/100|[from]move: U-turn
|
|upkeep
|turn|9
|
|switch|p2a: Hydreigon|Hydreigon, F|100/100
|move|p1a: Lucario|Flash Cannon|p2a: Hydreigon
|-damage|p2a: Hydreigon|42/100
|-damage|p1a: Lucario|44/100|[from] item: Life Orb
|
|upkeep
|turn|10
|
|switch|p2a: Dragapult|Dragapult, M|32/100
|move|p1a: Lucario|Vacuum Wave|p2a: Dragapult
|-immune|p2a: Dragapult
|
|upkeep
|turn|11
|
|switch|p1a: Corviknight|Corviknight, F|26/100
|-ability|p1a: Corviknight|Pressure
|move|p2a: Dragapult|Shadow Ball|p1a: Corviknight
|-damage|p1a: Corviknight|0 fnt
|faint|p1a: Corviknight
|
|upkeep
|
|switch|p1a: Dragapult|Dragapult, M|100/100
|turn|12
|
|move|p1a: Dragapult|Shadow Ball|p2a: Dragapult
|-supereffective|p2a: Dragapult
|-damage|p2a: Dragapult|0 fnt
|faint|p2a: Dragapult
|
|upkeep
|
|switch|p2a: Clefable|Clefable, M|52/100
|turn|13
|
|switch|p1a: Hatterene|Hatterene, F|100/100
|move|p2a: Clefable|Moonlight|p2a: Clefable
|-heal|p2a: Clefable|100/100
|
|upkeep
|turn|14
|
|move|p2a: Clefable|Moonblast|p1a: Hatterene
|-damage|p1a: Hatterene|35/100
|move|p1a: Hatterene|Trick Room|p1a: Hatterene
|-fieldstart|move: Trick Room|[of] p1a: Hatterene
|
|-heal|p1a: Hatterene|41/100|[from] item: Leftovers
|upkeep
|turn|15
|
|move|p1a: Hatterene|Psychic|p2a: Clefable
|-damage|p2a: Clefable|47/100
|move|p2a: Clefable|Moonblast|p1a: Hatterene
|-damage|p1a: Hatterene|0 fnt
|faint|p1a: Hatterene
|
|upkeep
|
|switch|p1a: Braviary|Braviary, M|100/100
|turn|16
|
|move|p2a: Clefable|Thunderbolt|p1a: Braviary
|-supereffective|p1a: Braviary
|-damage|p1a: Braviary|10/100
|move|p1a: Braviary|Brave Bird|p2a: Clefable
|-damage|p2a: Clefable|0 fnt
|-damage|p1a: Braviary|0 fnt|[from] Recoil
|faint|p2a: Clefable
|faint|p1a: Braviary
|
|upkeep
|
|switch|p2a: Hatterene|Hatterene, F|100/100
|switch|p1a: Lucario|Lucario, M|44/100
|turn|17
|
|move|p2a: Hatterene|Mystical Fire|p1a: Lucario
|-supereffective|p1a: Lucario
|-damage|p1a: Lucario|0 fnt
|faint|p1a: Lucario
|
|upkeep
|
|switch|p1a: Dragapult|Dragapult, M|100/100
|turn|18
|
|move|p2a: Hatterene|Dazzling Gleam|p1a: Dragapult
|-supereffective|p1a: Dragapult
|-damage|p1a: Dragapult|0 fnt
|faint|p1a: Dragapult
|
|win|Hi there m10!
|l|☆big fish men
||Ladder (probably) updated, but score could not be retrieved (Response not received).
