|ScrapeTime|2020-01-01-21:35:52
|j|☆gaspatchaud
|j|☆E knuckles
|player|p1|gaspatchaud|201|1081
|player|p2|E knuckles|ruinmaniac|1083
|teamsize|p1|6
|teamsize|p2|6
|gametype|singles
|gen|8
|tier|[Gen 8] OU
|rated|
|rule|Sleep Clause Mod: Limit one foe put to sleep
|rule|Species Clause: Limit one of each Pokémon
|rule|OHKO Clause: OHKO moves are banned
|rule|Evasion Moves Clause: Evasion moves are banned
|rule|Endless Battle Clause: Forcing endless battles is banned
|rule|HP Percentage Mod: HP is shown in percentages
|clearpoke
|poke|p1|Dracovish|
|poke|p1|Pelipper, M|
|poke|p1|Barraskewda, M|
|poke|p1|Ferrothorn, M|
|poke|p1|Toxtricity, F|
|poke|p1|Araquanid, F|
|poke|p2|Lucario, F|
|poke|p2|Hippowdon, M|
|poke|p2|Reuniclus, F|
|poke|p2|Rotom-Wash|
|poke|p2|Mimikyu, M|
|poke|p2|Hydreigon, M|
|rule|Dynamax Clause: You cannot dynamax
|teampreview
|inactive|Battle timer is ON: inactive players will automatically lose when time's up. (requested by gaspatchaud)
|
|start
|switch|p1a: Araquanid|Araquanid, F|100/100
|switch|p2a: Hippowdon|Hippowdon, M|100/100
|-weather|Sandstorm|[from] ability: Sand Stream|[of] p2a: Hippowdon
|turn|1
|
|move|p2a: Hippowdon|Stealth Rock|p1a: Araquanid
|-sidestart|p1: gaspatchaud|move: Stealth Rock
|move|p1a: Araquanid|Substitute|p1a: Araquanid
|-start|p1a: Araquanid|Substitute
|-damage|p1a: Araquanid|75/100
|
|-weather|Sandstorm|[upkeep]
|-damage|p1a: Araquanid|69/100|[from] Sandstorm
|-heal|p1a: Araquanid|75/100|[from] item: Leftovers
|upkeep
|turn|2
|
|move|p1a: Araquanid|Sticky Web|p2a: Hippowdon
|-sidestart|p2: E knuckles|move: Sticky Web
|move|p2a: Hippowdon|Roar|p1a: Araquanid
|drag|p1a: Pelipper|Pelipper, M|100/100
|-damage|p1a: Pelipper|75/100|[from] Stealth Rock
|-weather|RainDance|[from] ability: Drizzle|[of] p1a: Pelipper
|
|-weather|RainDance|[upkeep]
|upkeep
|turn|3
|
|switch|p2a: Rotom|Rotom-Wash|100/100
|move|p1a: Pelipper|Scald|p2a: Rotom
|-resisted|p2a: Rotom
|-damage|p2a: Rotom|81/100
|
|-weather|RainDance|[upkeep]
|-heal|p2a: Rotom|87/100|[from] item: Leftovers
|upkeep
|turn|4
|
|switch|p2a: Hippowdon|Hippowdon, M|100/100
|-activate|p2a: Hippowdon|move: Sticky Web
|-unboost|p2a: Hippowdon|spe|1
|-weather|Sandstorm|[from] ability: Sand Stream|[of] p2a: Hippowdon
|switch|p1a: Ferrothorn|Ferrothorn, M|100/100
|-damage|p1a: Ferrothorn|94/100|[from] Stealth Rock
|
|-weather|Sandstorm|[upkeep]
|-heal|p1a: Ferrothorn|100/100|[from] item: Leftovers
|upkeep
|turn|5
|
|move|p1a: Ferrothorn|Spikes|p2a: Hippowdon
|-sidestart|p2: E knuckles|Spikes
|move|p2a: Hippowdon|Roar|p1a: Ferrothorn
|drag|p1a: Barraskewda|Barraskewda, M|100/100
|-damage|p1a: Barraskewda|88/100|[from] Stealth Rock
|
|-weather|Sandstorm|[upkeep]
|-damage|p1a: Barraskewda|82/100|[from] Sandstorm
|upkeep
|turn|6
|
|switch|p1a: Ferrothorn|Ferrothorn, M|100/100
|-damage|p1a: Ferrothorn|94/100|[from] Stealth Rock
|move|p2a: Hippowdon|Earthquake|p1a: Ferrothorn
|-crit|p1a: Ferrothorn
|-damage|p1a: Ferrothorn|50/100
|
|-weather|Sandstorm|[upkeep]
|-heal|p1a: Ferrothorn|56/100|[from] item: Leftovers
|upkeep
|turn|7
|
|move|p1a: Ferrothorn|Leech Seed|p2a: Hippowdon
|-start|p2a: Hippowdon|move: Leech Seed
|move|p2a: Hippowdon|Roar|p1a: Ferrothorn
|drag|p1a: Araquanid|Araquanid, F|75/100
|-damage|p1a: Araquanid|50/100|[from] Stealth Rock
|
|-weather|Sandstorm|[upkeep]
|-damage|p1a: Araquanid|44/100|[from] Sandstorm
|-heal|p1a: Araquanid|50/100|[from] item: Leftovers
|-damage|p2a: Hippowdon|88/100|[from] Leech Seed|[of] p1a: Araquanid
|-heal|p1a: Araquanid|66/100|[silent]
|upkeep
|turn|8
|
|switch|p2a: Rotom|Rotom-Wash|87/100
|move|p1a: Araquanid|Liquidation|p2a: Rotom
|-resisted|p2a: Rotom
|-crit|p2a: Rotom
|-damage|p2a: Rotom|49/100
|
|-weather|none
|-heal|p2a: Rotom|55/100|[from] item: Leftovers
|-heal|p1a: Araquanid|72/100|[from] item: Leftovers
|upkeep
|turn|9
|
|switch|p1a: Ferrothorn|Ferrothorn, M|56/100
|-damage|p1a: Ferrothorn|50/100|[from] Stealth Rock
|move|p2a: Rotom|Will-O-Wisp|p1a: Ferrothorn
|-status|p1a: Ferrothorn|brn
|
|-heal|p2a: Rotom|61/100|[from] item: Leftovers
|-heal|p1a: Ferrothorn|56/100 brn|[from] item: Leftovers
|-damage|p1a: Ferrothorn|50/100 brn|[from] brn
|upkeep
|turn|10
|
|move|p2a: Rotom|Volt Switch|p1a: Ferrothorn
|-resisted|p1a: Ferrothorn
|-damage|p1a: Ferrothorn|41/100 brn
|
|switch|p2a: Hippowdon|Hippowdon, M|88/100|[from]move: Volt Switch
|-activate|p2a: Hippowdon|move: Sticky Web
|-unboost|p2a: Hippowdon|spe|1
|-damage|p2a: Hippowdon|76/100|[from] Spikes
|-weather|Sandstorm|[from] ability: Sand Stream|[of] p2a: Hippowdon
|move|p1a: Ferrothorn|Stealth Rock|p2a: Hippowdon
|-sidestart|p2: E knuckles|move: Stealth Rock
|
|-weather|Sandstorm|[upkeep]
|-heal|p2a: Hippowdon|82/100|[from] item: Leftovers
|-heal|p1a: Ferrothorn|48/100 brn|[from] item: Leftovers
|-damage|p1a: Ferrothorn|41/100 brn|[from] brn
|upkeep
|turn|11
|
|move|p2a: Hippowdon|Earthquake|p1a: Ferrothorn
|-damage|p1a: Ferrothorn|11/100 brn
|move|p1a: Ferrothorn|Spikes|p2a: Hippowdon
|-sidestart|p2: E knuckles|Spikes
|
|-weather|Sandstorm|[upkeep]
|-heal|p2a: Hippowdon|88/100|[from] item: Leftovers
|-heal|p1a: Ferrothorn|17/100 brn|[from] item: Leftovers
|-damage|p1a: Ferrothorn|11/100 brn|[from] brn
|upkeep
|turn|12
|
|switch|p1a: Pelipper|Pelipper, M|75/100
|-damage|p1a: Pelipper|50/100|[from] Stealth Rock
|-weather|RainDance|[from] ability: Drizzle|[of] p1a: Pelipper
|move|p2a: Hippowdon|Earthquake|p1a: Pelipper
|-immune|p1a: Pelipper
|
|-weather|RainDance|[upkeep]
|-heal|p2a: Hippowdon|94/100|[from] item: Leftovers
|upkeep
|turn|13
|
|switch|p2a: Rotom|Rotom-Wash|61/100
|-damage|p2a: Rotom|49/100|[from] Stealth Rock
|move|p1a: Pelipper|U-turn|p2a: Rotom
|-damage|p2a: Rotom|42/100
|
|switch|p1a: Barraskewda|Barraskewda, M|82/100|[from]move: U-turn
|-damage|p1a: Barraskewda|70/100|[from] Stealth Rock
|
|-weather|RainDance|[upkeep]
|-heal|p2a: Rotom|48/100|[from] item: Leftovers
|upkeep
|turn|14
|
|switch|p2a: Hippowdon|Hippowdon, M|94/100
|-damage|p2a: Hippowdon|88/100|[from] Stealth Rock
|-damage|p2a: Hippowdon|71/100|[from] Spikes
|-activate|p2a: Hippowdon|move: Sticky Web
|-unboost|p2a: Hippowdon|spe|1
|-weather|Sandstorm|[from] ability: Sand Stream|[of] p2a: Hippowdon
|move|p1a: Barraskewda|Close Combat|p2a: Hippowdon
|-damage|p2a: Hippowdon|38/100
|-unboost|p1a: Barraskewda|def|1
|-unboost|p1a: Barraskewda|spd|1
|-damage|p1a: Barraskewda|60/100|[from] item: Life Orb
|
|-weather|Sandstorm|[upkeep]
|-damage|p1a: Barraskewda|54/100|[from] Sandstorm
|-heal|p2a: Hippowdon|44/100|[from] item: Leftovers
|upkeep
|turn|15
|
|move|p1a: Barraskewda|Liquidation|p2a: Hippowdon
|-supereffective|p2a: Hippowdon
|-crit|p2a: Hippowdon
|-damage|p2a: Hippowdon|0 fnt
|-damage|p1a: Barraskewda|44/100|[from] item: Life Orb
|faint|p2a: Hippowdon
|
|-weather|Sandstorm|[upkeep]
|-damage|p1a: Barraskewda|38/100|[from] Sandstorm
|upkeep
|
|switch|p2a: Reuniclus|Reuniclus, F|100/100
|-activate|p2a: Reuniclus|move: Sticky Web
|-unboost|p2a: Reuniclus|spe|1
|turn|16
|
|switch|p1a: Pelipper|Pelipper, M|50/100
|-damage|p1a: Pelipper|25/100|[from] Stealth Rock
|-weather|RainDance|[from] ability: Drizzle|[of] p1a: Pelipper
|move|p2a: Reuniclus|Psychic|p1a: Pelipper
|-damage|p1a: Pelipper|0 fnt
|faint|p1a: Pelipper
|
|-weather|RainDance|[upkeep]
|upkeep
|
|switch|p1a: Araquanid|Araquanid, F|72/100
|-damage|p1a: Araquanid|47/100|[from] Stealth Rock
|turn|17
|
|move|p1a: Araquanid|Leech Life|p2a: Reuniclus
|-supereffective|p2a: Reuniclus
|-damage|p2a: Reuniclus|38/100
|-heal|p1a: Araquanid|86/100|[from] drain|[of] p2a: Reuniclus
|move|p2a: Reuniclus|Thunder|p1a: Araquanid
|-supereffective|p1a: Araquanid
|-damage|p1a: Araquanid|0 fnt
|faint|p1a: Araquanid
|
|-weather|RainDance|[upkeep]
|upkeep
|
|switch|p1a: Toxtricity|Toxtricity, F|100/100
|-damage|p1a: Toxtricity|88/100|[from] Stealth Rock
|turn|18
|
|move|p1a: Toxtricity|Thunder|p2a: Reuniclus
|-damage|p2a: Reuniclus|0 fnt
|faint|p2a: Reuniclus
|
|-weather|RainDance|[upkeep]
|upkeep
|
|switch|p2a: Hydreigon|Hydreigon, M|100/100
|-damage|p2a: Hydreigon|88/100|[from] Stealth Rock
|turn|19
|
|switch|p1a: Ferrothorn|Ferrothorn, M|11/100 brn
|-damage|p1a: Ferrothorn|4/100 brn|[from] Stealth Rock
|move|p2a: Hydreigon|Dark Pulse|p1a: Ferrothorn
|-damage|p1a: Ferrothorn|0 fnt
|faint|p1a: Ferrothorn
|
|-weather|RainDance|[upkeep]
|upkeep
|
|switch|p1a: Barraskewda|Barraskewda, M|38/100
|-damage|p1a: Barraskewda|26/100|[from] Stealth Rock
|turn|20
|
|move|p1a: Barraskewda|Close Combat|p2a: Hydreigon
|-supereffective|p2a: Hydreigon
|-damage|p2a: Hydreigon|0 fnt
|-unboost|p1a: Barraskewda|def|1
|-unboost|p1a: Barraskewda|spd|1
|-damage|p1a: Barraskewda|16/100|[from] item: Life Orb
|faint|p2a: Hydreigon
|
|-weather|RainDance|[upkeep]
|upkeep
|
|switch|p2a: Lucario|Lucario, F|100/100
|-damage|p2a: Lucario|84/100|[from] Spikes
|-damage|p2a: Lucario|81/100|[from] Stealth Rock
|-activate|p2a: Lucario|move: Sticky Web
|-unboost|p2a: Lucario|spe|1
|turn|21
|
|move|p2a: Lucario|Vacuum Wave|p1a: Barraskewda
|-damage|p1a: Barraskewda|0 fnt
|-damage|p2a: Lucario|71/100|[from] item: Life Orb
|faint|p1a: Barraskewda
|
|-weather|RainDance|[upkeep]
|upkeep
|
|switch|p1a: Toxtricity|Toxtricity, F|88/100
|-damage|p1a: Toxtricity|76/100|[from] Stealth Rock
|turn|22
|
|move|p1a: Toxtricity|Thunder|p2a: Lucario
|-damage|p2a: Lucario|0 fnt
|faint|p2a: Lucario
|
|-weather|RainDance|[upkeep]
|upkeep
|
|switch|p2a: Rotom|Rotom-Wash|48/100
|-damage|p2a: Rotom|36/100|[from] Stealth Rock
|turn|23
|
|move|p1a: Toxtricity|Thunder|p2a: Rotom
|-damage|p2a: Rotom|0 fnt
|faint|p2a: Rotom
|
|-weather|none
|upkeep
|
|switch|p2a: Mimikyu|Mimikyu, M|100/100
|-damage|p2a: Mimikyu|88/100|[from] Stealth Rock
|-activate|p2a: Mimikyu|move: Sticky Web
|-unboost|p2a: Mimikyu|spe|1
|-damage|p2a: Mimikyu|72/100|[from] Spikes
|turn|24
|
|switch|p1a: Dracovish|Dracovish|100/100
|-damage|p1a: Dracovish|88/100|[from] Stealth Rock
|move|p2a: Mimikyu|Swords Dance|p2a: Mimikyu
|-boost|p2a: Mimikyu|atk|2
|
|upkeep
|turn|25
|
|move|p1a: Dracovish|Fishious Rend|p2a: Mimikyu
|-activate|p2a: Mimikyu|ability: Disguise
|-damage|p2a: Mimikyu|72/100
|detailschange|p2a: Mimikyu|Mimikyu-Busted, M
|-damage|p2a: Mimikyu|59/100|[from] ability: Disguise|[of] p2a: Mimikyu
|move|p2a: Mimikyu|Shadow Claw|p1a: Dracovish
|-damage|p1a: Dracovish|11/100
|-damage|p2a: Mimikyu|50/100|[from] item: Life Orb
|
|upkeep
|turn|26
|
|move|p2a: Mimikyu|Shadow Sneak|p1a: Dracovish
|-damage|p1a: Dracovish|0 fnt
|-damage|p2a: Mimikyu|40/100|[from] item: Life Orb
|faint|p1a: Dracovish
|
|upkeep
|
|switch|p1a: Toxtricity|Toxtricity, F|76/100
|-damage|p1a: Toxtricity|64/100|[from] Stealth Rock
|turn|27
|
|move|p2a: Mimikyu|Shadow Sneak|p1a: Toxtricity
|-damage|p1a: Toxtricity|0 fnt
|-damage|p2a: Mimikyu|30/100|[from] item: Life Orb
|faint|p1a: Toxtricity
|
|win|E knuckles
|l|☆gaspatchaud
|c|☆E knuckles|Ez
|raw|gaspatchaud's rating: 1082 → 1060(-22 for losing)
|raw|E knuckles's rating: 1084 → 1111(+27 for winning)
