|ScrapeTime|2020-01-01-10:25:56
|j|☆GLOCKAVELI
|j|☆purplecoloring
|player|p1|GLOCKAVELI|smasher|1107
|player|p2|purplecoloring|101|1116
|teamsize|p1|6
|teamsize|p2|6
|gametype|singles
|gen|8
|tier|[Gen 8] OU
|rated|
|rule|Sleep Clause Mod: Limit one foe put to sleep
|rule|Species Clause: Limit one of each Pokémon
|rule|OHKO Clause: OHKO moves are banned
|rule|Evasion Moves Clause: Evasion moves are banned
|rule|Endless Battle Clause: Forcing endless battles is banned
|rule|HP Percentage Mod: HP is shown in percentages
|clearpoke
|poke|p1|Bisharp, F|
|poke|p1|Excadrill, F|
|poke|p1|Togekiss, M|
|poke|p1|Rotom-Wash|
|poke|p1|Hawlucha, F|
|poke|p1|Boltund, M|
|poke|p2|Corsola-Galar, F|
|poke|p2|Conkeldurr, M|
|poke|p2|Corviknight, F|
|poke|p2|Gyarados, M|
|poke|p2|Clefable, F|
|poke|p2|Hydreigon, M|
|rule|Dynamax Clause: You cannot dynamax
|teampreview
|inactive|Battle timer is ON: inactive players will automatically lose when time's up. (requested by GLOCKAVELI)
|inactive|GLOCKAVELI has 120 seconds left.
|
|start
|switch|p1a: Togekiss|Togekiss, M|100/100
|switch|p2a: Corsola|Corsola-Galar, F|100/100
|turn|1
|
|move|p1a: Togekiss|Dazzling Gleam|p2a: Corsola
|-damage|p2a: Corsola|72/100
|move|p2a: Corsola|Stealth Rock|p1a: Togekiss
|-sidestart|p1: GLOCKAVELI|move: Stealth Rock
|
|upkeep
|turn|2
|
|switch|p1a: Rotom|Rotom-Wash|100/100
|-damage|p1a: Rotom|88/100|[from] Stealth Rock
|move|p2a: Corsola|Will-O-Wisp|p1a: Rotom
|-status|p1a: Rotom|brn
|
|-heal|p1a: Rotom|94/100 brn|[from] item: Leftovers
|-damage|p1a: Rotom|88/100 brn|[from] brn
|upkeep
|turn|3
|
|move|p1a: Rotom|Thunder Wave|p2a: Corsola
|-status|p2a: Corsola|par
|move|p2a: Corsola|Will-O-Wisp|p1a: Rotom
|-fail|p1a: Rotom|brn
|
|-heal|p1a: Rotom|94/100 brn|[from] item: Leftovers
|-damage|p1a: Rotom|88/100 brn|[from] brn
|upkeep
|turn|4
|
|move|p1a: Rotom|Hydro Pump|p2a: Corsola
|-damage|p2a: Corsola|50/100 par
|move|p2a: Corsola|Will-O-Wisp|p1a: Rotom
|-fail|p1a: Rotom|brn
|
|-heal|p1a: Rotom|94/100 brn|[from] item: Leftovers
|-damage|p1a: Rotom|88/100 brn|[from] brn
|upkeep
|turn|5
|
|move|p1a: Rotom|Hydro Pump|p2a: Corsola
|-damage|p2a: Corsola|31/100 par
|cant|p2a: Corsola|par
|
|-heal|p1a: Rotom|94/100 brn|[from] item: Leftovers
|-damage|p1a: Rotom|88/100 brn|[from] brn
|upkeep
|turn|6
|
|move|p1a: Rotom|Hydro Pump|p2a: Corsola
|-damage|p2a: Corsola|11/100 par
|cant|p2a: Corsola|par
|
|-heal|p1a: Rotom|94/100 brn|[from] item: Leftovers
|-damage|p1a: Rotom|88/100 brn|[from] brn
|upkeep
|turn|7
|
|switch|p2a: Conkeldurr|Conkeldurr, M|100/100
|move|p1a: Rotom|Volt Switch|p2a: Conkeldurr
|-damage|p2a: Conkeldurr|87/100
|
|switch|p1a: Togekiss|Togekiss, M|100/100|[from]move: Volt Switch
|-damage|p1a: Togekiss|76/100|[from] Stealth Rock
|
|upkeep
|turn|8
|
|switch|p2a: Corsola|Corsola-Galar, F|11/100 par
|move|p1a: Togekiss|Dazzling Gleam|p2a: Corsola
|-damage|p2a: Corsola|0 fnt
|faint|p2a: Corsola
|
|upkeep
|
|switch|p2a: Gyarados|Gyarados, M|100/100
|-ability|p2a: Gyarados|Intimidate|boost
|-unboost|p1a: Togekiss|atk|1
|turn|9
|
|switch|p1a: Boltund|Boltund, M|100/100
|-damage|p1a: Boltund|88/100|[from] Stealth Rock
|move|p2a: Gyarados|Waterfall|p1a: Boltund
|-damage|p1a: Boltund|23/100
|
|upkeep
|turn|10
|
|switch|p2a: Hydreigon|Hydreigon, M|100/100
|move|p1a: Boltund|Thunder Fang|p2a: Hydreigon
|-resisted|p2a: Hydreigon
|-damage|p2a: Hydreigon|68/100
|-damage|p1a: Boltund|13/100|[from] item: Life Orb
|
|-heal|p2a: Hydreigon|75/100|[from] item: Leftovers
|upkeep
|turn|11
|
|switch|p2a: Corviknight|Corviknight, F|100/100
|-ability|p2a: Corviknight|Pressure
|move|p1a: Boltund|Thunder Fang|p2a: Corviknight
|-supereffective|p2a: Corviknight
|-damage|p2a: Corviknight|30/100
|-damage|p1a: Boltund|3/100|[from] item: Life Orb
|
|-heal|p2a: Corviknight|36/100|[from] item: Leftovers
|upkeep
|turn|12
|
|switch|p2a: Clefable|Clefable, F|100/100
|move|p1a: Boltund|Thunder Fang|p2a: Clefable
|-damage|p2a: Clefable|61/100
|-damage|p1a: Boltund|0 fnt|[from] item: Life Orb
|faint|p1a: Boltund
|
|upkeep
|
|switch|p1a: Excadrill|Excadrill, F|100/100
|-damage|p1a: Excadrill|97/100|[from] Stealth Rock
|-ability|p1a: Excadrill|Mold Breaker
|turn|13
|
|move|p1a: Excadrill|Stealth Rock|p2a: Clefable
|-sidestart|p2: purplecoloring|move: Stealth Rock
|move|p2a: Clefable|Fire Blast|p1a: Excadrill|[miss]
|-miss|p2a: Clefable|p1a: Excadrill
|
|upkeep
|turn|14
|
|switch|p1a: Rotom|Rotom-Wash|88/100 brn
|-damage|p1a: Rotom|76/100 brn|[from] Stealth Rock
|switch|p2a: Corviknight|Corviknight, F|36/100
|-damage|p2a: Corviknight|23/100|[from] Stealth Rock
|-ability|p2a: Corviknight|Pressure
|
|-heal|p1a: Rotom|82/100 brn|[from] item: Leftovers
|-heal|p2a: Corviknight|30/100|[from] item: Leftovers
|-damage|p1a: Rotom|76/100 brn|[from] brn
|upkeep
|turn|15
|
|move|p1a: Rotom|Volt Switch|p2a: Corviknight
|-supereffective|p2a: Corviknight
|-damage|p2a: Corviknight|0 fnt
|faint|p2a: Corviknight
|inactive|GLOCKAVELI has 120 seconds left.
|
|switch|p1a: Excadrill|Excadrill, F|97/100|[from]move: Volt Switch
|-damage|p1a: Excadrill|94/100|[from] Stealth Rock
|-ability|p1a: Excadrill|Mold Breaker
|
|upkeep
|
|switch|p2a: Gyarados|Gyarados, M|100/100
|-ability|p2a: Gyarados|Intimidate|boost
|-unboost|p1a: Excadrill|atk|1
|turn|16
|inactive|GLOCKAVELI has 120 seconds left.
|
|move|p1a: Excadrill|Rapid Spin|p2a: Gyarados
|-damage|p2a: Gyarados|87/100
|-sideend|p1: GLOCKAVELI|Stealth Rock|[from] move: Rapid Spin|[of] p1a: Excadrill
|-boost|p1a: Excadrill|spe|1
|-damage|p1a: Excadrill|84/100|[from] item: Life Orb
|move|p2a: Gyarados|Waterfall|p1a: Excadrill
|-supereffective|p1a: Excadrill
|-damage|p1a: Excadrill|0 fnt
|faint|p1a: Excadrill
|
|upkeep
|
|switch|p1a: Rotom|Rotom-Wash|76/100 brn
|turn|17
|
|switch|p2a: Hydreigon|Hydreigon, M|75/100
|-damage|p2a: Hydreigon|62/100|[from] Stealth Rock
|move|p1a: Rotom|Volt Switch|p2a: Hydreigon
|-resisted|p2a: Hydreigon
|-damage|p2a: Hydreigon|47/100
|inactive|GLOCKAVELI has 120 seconds left.
|
|switch|p1a: Togekiss|Togekiss, M|76/100|[from]move: Volt Switch
|
|-heal|p2a: Hydreigon|53/100|[from] item: Leftovers
|upkeep
|turn|18
|
|move|p2a: Hydreigon|Flash Cannon|p1a: Togekiss
|-supereffective|p1a: Togekiss
|-damage|p1a: Togekiss|24/100
|move|p1a: Togekiss|Dazzling Gleam|p2a: Hydreigon
|-supereffective|p2a: Hydreigon
|-damage|p2a: Hydreigon|0 fnt
|faint|p2a: Hydreigon
|
|upkeep
|
|switch|p2a: Clefable|Clefable, F|61/100
|turn|19
|
|move|p1a: Togekiss|Dazzling Gleam|p2a: Clefable
|-damage|p2a: Clefable|3/100
|move|p2a: Clefable|Moonlight|p2a: Clefable
|-heal|p2a: Clefable|53/100
|
|upkeep
|turn|20
|
|move|p1a: Togekiss|Dazzling Gleam|p2a: Clefable
|-damage|p2a: Clefable|0 fnt
|faint|p2a: Clefable
|
|upkeep
|
|switch|p2a: Gyarados|Gyarados, M|87/100
|-ability|p2a: Gyarados|Intimidate|boost
|-unboost|p1a: Togekiss|atk|1
|turn|21
|
|switch|p1a: Rotom|Rotom-Wash|76/100 brn
|move|p2a: Gyarados|Dragon Dance|p2a: Gyarados
|-boost|p2a: Gyarados|atk|1
|-boost|p2a: Gyarados|spe|1
|
|-heal|p1a: Rotom|82/100 brn|[from] item: Leftovers
|-damage|p1a: Rotom|76/100 brn|[from] brn
|upkeep
|turn|22
|
|switch|p2a: Conkeldurr|Conkeldurr, M|87/100
|-damage|p2a: Conkeldurr|81/100|[from] Stealth Rock
|move|p1a: Rotom|Thunder Wave|p2a: Conkeldurr
|-status|p2a: Conkeldurr|par
|
|-heal|p1a: Rotom|82/100 brn|[from] item: Leftovers
|-damage|p1a: Rotom|76/100 brn|[from] brn
|upkeep
|turn|23
|
|move|p1a: Rotom|Volt Switch|p2a: Conkeldurr
|-crit|p2a: Conkeldurr
|-damage|p2a: Conkeldurr|62/100 par
|
|switch|p1a: Togekiss|Togekiss, M|24/100|[from]move: Volt Switch
|cant|p2a: Conkeldurr|par
|
|upkeep
|turn|24
|
|move|p1a: Togekiss|Dazzling Gleam|p2a: Conkeldurr
|-supereffective|p2a: Conkeldurr
|-crit|p2a: Conkeldurr
|-damage|p2a: Conkeldurr|0 fnt
|faint|p2a: Conkeldurr
|
|upkeep
|c|☆purplecoloring|OFV
|c|☆GLOCKAVELI|lmao i paralyzed for a reason
|c|☆purplecoloring|bro just sayin
|c|☆purplecoloring|should have won
|c|☆purplecoloring|u suck
|c|☆purplecoloring|gg
|inactive|purplecoloring has 120 seconds left.
|c|☆GLOCKAVELI|ye sure
|c|☆GLOCKAVELI|lmfao
|c|☆purplecoloring|obvious ass player
|c|☆purplecoloring|low ladder for a reason
|
|switch|p2a: Gyarados|Gyarados, M|87/100
|-ability|p2a: Gyarados|Intimidate|boost
|-unboost|p1a: Togekiss|atk|1
|turn|25
|c|☆GLOCKAVELI|i predicted half ya switch ins
|c|☆GLOCKAVELI|cant deny that
|c|☆GLOCKAVELI|bud
|c|☆purplecoloring|"predicted"
|
|move|p1a: Togekiss|Dazzling Gleam|p2a: Gyarados
|-damage|p2a: Gyarados|38/100
|move|p2a: Gyarados|Dragon Dance|p2a: Gyarados
|-boost|p2a: Gyarados|atk|1
|-boost|p2a: Gyarados|spe|1
|
|upkeep
|turn|26
|c|☆purplecoloring|as in switched rotom in on clef
|inactive|purplecoloring has 120 seconds left.
|c|☆GLOCKAVELI|is called
|c|☆GLOCKAVELI|a sack
|c|☆GLOCKAVELI|lmfao
|c|☆purplecoloring|like that wouldnt have died to a moonblast next turn
|
|move|p2a: Gyarados|Waterfall|p1a: Togekiss
|-damage|p1a: Togekiss|0 fnt
|faint|p1a: Togekiss
|
|upkeep
|
|switch|p1a: Rotom|Rotom-Wash|76/100 brn
|turn|27
|
|move|p2a: Gyarados|Waterfall|p1a: Rotom
|-resisted|p1a: Rotom
|-damage|p1a: Rotom|40/100 brn
|move|p1a: Rotom|Volt Switch|p2a: Gyarados
|-supereffective|p2a: Gyarados
|-damage|p2a: Gyarados|0 fnt
|faint|p2a: Gyarados
|
|win|GLOCKAVELI
|raw|GLOCKAVELI's rating: 1107 → 1133(+26 for winning)
|raw|purplecoloring's rating: 1117 → 1091(-26 for losing)
|l|☆purplecoloring
|c|☆GLOCKAVELI|gg
