|ScrapeTime|2020-01-01-15:34:38
|j|☆The Last Hero
|j|☆jyai
|player|p1|The Last Hero|acetrainersnow|1683
|player|p2|jyai|preschoolerf|1697
|teamsize|p1|6
|teamsize|p2|6
|gametype|singles
|gen|8
|tier|[Gen 8] OU
|rated|
|rule|Sleep Clause Mod: Limit one foe put to sleep
|rule|Species Clause: Limit one of each Pokémon
|rule|OHKO Clause: OHKO moves are banned
|rule|Evasion Moves Clause: Evasion moves are banned
|rule|Endless Battle Clause: Forcing endless battles is banned
|rule|HP Percentage Mod: HP is shown in percentages
|clearpoke
|poke|p1|Umbreon, M|
|poke|p1|Togekiss, M|
|poke|p1|Gengar, M|
|poke|p1|Corviknight, M|
|poke|p1|Seismitoad, M|
|poke|p1|Frosmoth, M|
|poke|p2|Toxtricity, F|
|poke|p2|Hydreigon, F|
|poke|p2|Corviknight, F|
|poke|p2|Clefable, F|
|poke|p2|Conkeldurr, F|
|poke|p2|Seismitoad, M|
|rule|Dynamax Clause: You cannot dynamax
|teampreview
|
|start
|switch|p1a: Icy Volc|Frosmoth, M|100/100
|switch|p2a: Conkeldurr|Conkeldurr, F|100/100
|turn|1
|
|move|p1a: Icy Volc|U-turn|p2a: Conkeldurr
|-resisted|p2a: Conkeldurr
|-damage|p2a: Conkeldurr|93/100
|
|switch|p1a: Crow of Judgement|Corviknight, M|100/100|[from]move: U-turn
|-ability|p1a: Crow of Judgement|Pressure
|move|p2a: Conkeldurr|Drain Punch|p1a: Crow of Judgement
|-damage|p1a: Crow of Judgement|70/100
|-heal|p2a: Conkeldurr|100/100|[from] drain|[of] p1a: Crow of Judgement
|
|-heal|p1a: Crow of Judgement|77/100|[from] item: Leftovers
|-status|p2a: Conkeldurr|brn|[from] item: Flame Orb
|upkeep
|turn|2
|j| Zigurat420
|inactive|Battle timer is ON: inactive players will automatically lose when time's up. (requested by The Last Hero)
|
|switch|p2a: Corviknight|Corviknight, F|100/100
|-ability|p2a: Corviknight|Pressure
|move|p1a: Crow of Judgement|Brave Bird|p2a: Corviknight
|-resisted|p2a: Corviknight
|-damage|p2a: Corviknight|86/100
|-damage|p1a: Crow of Judgement|72/100|[from] Recoil
|
|-heal|p2a: Corviknight|92/100|[from] item: Leftovers
|-heal|p1a: Crow of Judgement|78/100|[from] item: Leftovers
|upkeep
|turn|3
|
|move|p2a: Corviknight|U-turn|p1a: Crow of Judgement
|-resisted|p1a: Crow of Judgement
|-damage|p1a: Crow of Judgement|76/100
|
|switch|p2a: Toxtricity|Toxtricity, F|100/100|[from]move: U-turn
|move|p1a: Crow of Judgement|Roost|p1a: Crow of Judgement
|-heal|p1a: Crow of Judgement|100/100
|-singleturn|p1a: Crow of Judgement|move: Roost
|
|upkeep
|turn|4
|
|switch|p1a: Dark Eeveeto|Umbreon, M|100/100
|move|p2a: Toxtricity|Boomburst|p1a: Dark Eeveeto
|-damage|p1a: Dark Eeveeto|44/100
|
|-heal|p1a: Dark Eeveeto|50/100|[from] item: Leftovers
|upkeep
|turn|5
|
|switch|p2a: Conkeldurr|Conkeldurr, F|100/100 brn
|switch|p1a: Crow of Judgement|Corviknight, M|100/100
|-ability|p1a: Crow of Judgement|Pressure
|
|-damage|p2a: Conkeldurr|94/100 brn|[from] brn
|upkeep
|turn|6
|
|switch|p2a: Seismitoad|Seismitoad, M|100/100
|move|p1a: Crow of Judgement|Brave Bird|p2a: Seismitoad
|-crit|p2a: Seismitoad
|-damage|p2a: Seismitoad|57/100
|-damage|p1a: Crow of Judgement|86/100|[from] Recoil
|
|-heal|p2a: Seismitoad|63/100|[from] item: Leftovers
|-heal|p1a: Crow of Judgement|92/100|[from] item: Leftovers
|upkeep
|turn|7
|
|move|p2a: Seismitoad|Scald|p1a: Crow of Judgement
|-damage|p1a: Crow of Judgement|73/100
|move|p1a: Crow of Judgement|U-turn|p2a: Seismitoad
|-damage|p2a: Seismitoad|52/100
|
|switch|p1a: Dark Eeveeto|Umbreon, M|50/100|[from]move: U-turn
|
|-heal|p2a: Seismitoad|58/100|[from] item: Leftovers
|-heal|p1a: Dark Eeveeto|56/100|[from] item: Leftovers
|upkeep
|turn|8
|
|move|p2a: Seismitoad|Stealth Rock|p1a: Dark Eeveeto
|-sidestart|p1: The Last Hero|move: Stealth Rock
|move|p1a: Dark Eeveeto|Mean Look|p2a: Seismitoad
|-activate|p2a: Seismitoad|trapped
|
|-heal|p2a: Seismitoad|64/100|[from] item: Leftovers
|-heal|p1a: Dark Eeveeto|62/100|[from] item: Leftovers
|upkeep
|turn|9
|
|move|p2a: Seismitoad|Toxic|p1a: Dark Eeveeto
|-status|p1a: Dark Eeveeto|tox
|-activate|p1a: Dark Eeveeto|ability: Synchronize
|-status|p2a: Seismitoad|tox
|move|p1a: Dark Eeveeto|Yawn||[still]
|-fail|p1a: Dark Eeveeto
|
|-heal|p2a: Seismitoad|70/100 tox|[from] item: Leftovers
|-heal|p1a: Dark Eeveeto|68/100 tox|[from] item: Leftovers
|-damage|p2a: Seismitoad|64/100 tox|[from] psn
|-damage|p1a: Dark Eeveeto|62/100 tox|[from] psn
|upkeep
|turn|10
|
|move|p2a: Seismitoad|Earthquake|p1a: Dark Eeveeto
|-damage|p1a: Dark Eeveeto|42/100 tox
|move|p1a: Dark Eeveeto|Moonlight|p1a: Dark Eeveeto
|-heal|p1a: Dark Eeveeto|92/100 tox
|
|-heal|p2a: Seismitoad|70/100 tox|[from] item: Leftovers
|-heal|p1a: Dark Eeveeto|98/100 tox|[from] item: Leftovers
|-damage|p2a: Seismitoad|58/100 tox|[from] psn
|-damage|p1a: Dark Eeveeto|85/100 tox|[from] psn
|upkeep
|turn|11
|
|move|p2a: Seismitoad|Earthquake|p1a: Dark Eeveeto
|-damage|p1a: Dark Eeveeto|67/100 tox
|move|p1a: Dark Eeveeto|Foul Play|p2a: Seismitoad
|-damage|p2a: Seismitoad|36/100 tox
|
|-heal|p2a: Seismitoad|42/100 tox|[from] item: Leftovers
|-heal|p1a: Dark Eeveeto|73/100 tox|[from] item: Leftovers
|-damage|p2a: Seismitoad|24/100 tox|[from] psn
|-damage|p1a: Dark Eeveeto|55/100 tox|[from] psn
|upkeep
|turn|12
|
|switch|p1a: Crow of Judgement|Corviknight, M|73/100
|-damage|p1a: Crow of Judgement|61/100|[from] Stealth Rock
|-ability|p1a: Crow of Judgement|Pressure
|move|p2a: Seismitoad|Earthquake|p1a: Crow of Judgement
|-immune|p1a: Crow of Judgement
|
|-heal|p2a: Seismitoad|30/100 tox|[from] item: Leftovers
|-heal|p1a: Crow of Judgement|67/100|[from] item: Leftovers
|-damage|p2a: Seismitoad|6/100 tox|[from] psn
|upkeep
|turn|13
|
|switch|p2a: Toxtricity|Toxtricity, F|100/100
|move|p1a: Crow of Judgement|Defog|p2a: Toxtricity
|-unboost|p2a: Toxtricity|evasion|1
|-sideend|p1: The Last Hero|Stealth Rock|[from] move: Defog|[of] p1a: Crow of Judgement
|
|-heal|p1a: Crow of Judgement|73/100|[from] item: Leftovers
|upkeep
|turn|14
|
|switch|p1a: Dark Eeveeto|Umbreon, M|55/100 tox
|move|p2a: Toxtricity|Boomburst|p1a: Dark Eeveeto
|-damage|p1a: Dark Eeveeto|0 fnt
|faint|p1a: Dark Eeveeto
|
|upkeep
|
|switch|p1a: Prisrak|Gengar, M|100/100
|turn|15
|
|switch|p2a: Seismitoad|Seismitoad, M|6/100 tox
|move|p1a: Prisrak|Nasty Plot|p1a: Prisrak
|-boost|p1a: Prisrak|spa|2
|
|-heal|p2a: Seismitoad|12/100 tox|[from] item: Leftovers
|-damage|p2a: Seismitoad|6/100 tox|[from] psn
|upkeep
|turn|16
|
|move|p1a: Prisrak|Shadow Ball|p2a: Seismitoad
|-damage|p2a: Seismitoad|0 fnt
|faint|p2a: Seismitoad
|
|upkeep
|
|switch|p2a: Hydreigon|Hydreigon, F|100/100
|turn|17
|
|switch|p1a: Icy Volc|Frosmoth, M|100/100
|move|p2a: Hydreigon|Dark Pulse|p1a: Icy Volc
|-damage|p1a: Icy Volc|81/100
|
|upkeep
|turn|18
|
|switch|p2a: Conkeldurr|Conkeldurr, F|94/100 brn
|move|p1a: Icy Volc|Ice Beam|p2a: Conkeldurr
|-damage|p2a: Conkeldurr|20/100 brn
|
|-damage|p2a: Conkeldurr|14/100 brn|[from] brn
|upkeep
|turn|19
|
|switch|p1a: Crow of Judgement|Corviknight, M|73/100
|-ability|p1a: Crow of Judgement|Pressure
|move|p2a: Conkeldurr|Mach Punch|p1a: Crow of Judgement
|-damage|p1a: Crow of Judgement|48/100
|
|-heal|p1a: Crow of Judgement|54/100|[from] item: Leftovers
|-damage|p2a: Conkeldurr|8/100 brn|[from] brn
|upkeep
|turn|20
|
|move|p2a: Conkeldurr|Thunder Punch|p1a: Crow of Judgement
|-supereffective|p1a: Crow of Judgement
|-damage|p1a: Crow of Judgement|0 fnt
|faint|p1a: Crow of Judgement
|
|-damage|p2a: Conkeldurr|1/100 brn|[from] brn
|upkeep
|
|switch|p1a: Hax Master|Togekiss, M|100/100
|turn|21
|
|switch|p2a: Toxtricity|Toxtricity, F|100/100
|move|p1a: Hax Master|Ancient Power|p2a: Toxtricity
|-damage|p2a: Toxtricity|71/100
|
|upkeep
|turn|22
|
|switch|p1a: Vibracio|Seismitoad, M|100/100
|move|p2a: Toxtricity|Boomburst|p1a: Vibracio
|-damage|p1a: Vibracio|8/100
|
|-heal|p1a: Vibracio|15/100|[from] item: Leftovers
|upkeep
|turn|23
|
|switch|p1a: Prisrak|Gengar, M|100/100
|move|p2a: Toxtricity|Boomburst|p1a: Prisrak
|-immune|p1a: Prisrak
|
|upkeep
|turn|24
|
|switch|p2a: Corviknight|Corviknight, F|92/100
|-ability|p2a: Corviknight|Pressure
|move|p1a: Prisrak|Focus Blast|p2a: Corviknight|[miss]
|-miss|p1a: Prisrak|p2a: Corviknight
|
|-heal|p2a: Corviknight|99/100|[from] item: Leftovers
|upkeep
|turn|25
|
|move|p1a: Prisrak|Shadow Ball|p2a: Corviknight
|-damage|p2a: Corviknight|62/100
|move|p2a: Corviknight|Iron Head|p1a: Prisrak
|-damage|p1a: Prisrak|55/100
|-start|p2a: Corviknight|Disable|Iron Head|[from] ability: Cursed Body|[of] p1a: Prisrak
|
|-heal|p1a: Prisrak|61/100|[from] item: Black Sludge
|-heal|p2a: Corviknight|68/100|[from] item: Leftovers
|upkeep
|turn|26
|
|move|p1a: Prisrak|Shadow Ball|p2a: Corviknight
|-damage|p2a: Corviknight|33/100
|-unboost|p2a: Corviknight|spd|1
|move|p2a: Corviknight|U-turn|p1a: Prisrak
|-resisted|p1a: Prisrak
|-damage|p1a: Prisrak|53/100
|
|switch|p2a: Hydreigon|Hydreigon, F|100/100|[from]move: U-turn
|
|-heal|p1a: Prisrak|60/100|[from] item: Black Sludge
|upkeep
|turn|27
|
|switch|p1a: Icy Volc|Frosmoth, M|81/100
|move|p2a: Hydreigon|Flash Cannon|p1a: Icy Volc
|-supereffective|p1a: Icy Volc
|-damage|p1a: Icy Volc|54/100
|
|upkeep
|turn|28
|
|switch|p2a: Conkeldurr|Conkeldurr, F|1/100 brn
|move|p1a: Icy Volc|Ice Beam|p2a: Conkeldurr
|-damage|p2a: Conkeldurr|0 fnt
|faint|p2a: Conkeldurr
|
|upkeep
|
|switch|p2a: Toxtricity|Toxtricity, F|71/100
|turn|29
|
|move|p2a: Toxtricity|Snarl|p1a: Icy Volc
|-damage|p1a: Icy Volc|39/100
|-unboost|p1a: Icy Volc|spa|1
|move|p1a: Icy Volc|Ice Beam|p2a: Toxtricity
|-damage|p2a: Toxtricity|21/100
|
|upkeep
|turn|30
|
|switch|p2a: Hydreigon|Hydreigon, F|100/100
|move|p1a: Icy Volc|U-turn|p2a: Hydreigon
|-supereffective|p2a: Hydreigon
|-damage|p2a: Hydreigon|67/100
|
|switch|p1a: Vibracio|Seismitoad, M|15/100|[from]move: U-turn
|
|-heal|p1a: Vibracio|21/100|[from] item: Leftovers
|upkeep
|turn|31
|
|move|p2a: Hydreigon|U-turn|p1a: Vibracio
|-damage|p1a: Vibracio|10/100
|
|switch|p2a: Clefable|Clefable, F|100/100|[from]move: U-turn
|move|p1a: Vibracio|Stealth Rock|p2a: Clefable
|-sidestart|p2: jyai|move: Stealth Rock
|
|-heal|p1a: Vibracio|16/100|[from] item: Leftovers
|upkeep
|turn|32
|
|switch|p1a: Prisrak|Gengar, M|60/100
|move|p2a: Clefable|Moonblast|p1a: Prisrak
|-resisted|p1a: Prisrak
|-damage|p1a: Prisrak|32/100
|
|-heal|p1a: Prisrak|38/100|[from] item: Black Sludge
|upkeep
|turn|33
|
|move|p1a: Prisrak|Sludge Wave|p2a: Clefable
|-supereffective|p2a: Clefable
|-crit|p2a: Clefable
|-damage|p2a: Clefable|0 fnt
|faint|p2a: Clefable
|
|-heal|p1a: Prisrak|44/100|[from] item: Black Sludge
|upkeep
|
|switch|p2a: Hydreigon|Hydreigon, F|67/100
|-damage|p2a: Hydreigon|55/100|[from] Stealth Rock
|turn|34
|
|switch|p1a: Icy Volc|Frosmoth, M|39/100
|move|p2a: Hydreigon|Dark Pulse|p1a: Icy Volc
|-damage|p1a: Icy Volc|22/100
|
|upkeep
|turn|35
|
|switch|p1a: Hax Master|Togekiss, M|100/100
|move|p2a: Hydreigon|Dark Pulse|p1a: Hax Master
|-resisted|p1a: Hax Master
|-damage|p1a: Hax Master|81/100
|
|-heal|p1a: Hax Master|87/100|[from] item: Leftovers
|upkeep
|turn|36
|
|switch|p2a: Corviknight|Corviknight, F|33/100
|-damage|p2a: Corviknight|21/100|[from] Stealth Rock
|-ability|p2a: Corviknight|Pressure
|move|p1a: Hax Master|Ancient Power|p2a: Corviknight
|-damage|p2a: Corviknight|3/100
|
|-heal|p1a: Hax Master|93/100|[from] item: Leftovers
|-heal|p2a: Corviknight|9/100|[from] item: Leftovers
|upkeep
|turn|37
|
|move|p1a: Hax Master|Ancient Power|p2a: Corviknight
|-damage|p2a: Corviknight|0 fnt
|-boost|p1a: Hax Master|atk|1
|-boost|p1a: Hax Master|def|1
|-boost|p1a: Hax Master|spa|1
|-boost|p1a: Hax Master|spd|1
|-boost|p1a: Hax Master|spe|1
|faint|p2a: Corviknight
|
|-heal|p1a: Hax Master|99/100|[from] item: Leftovers
|upkeep
|
|switch|p2a: Toxtricity|Toxtricity, F|21/100
|-damage|p2a: Toxtricity|9/100|[from] Stealth Rock
|turn|38
|
|move|p1a: Hax Master|Ancient Power|p2a: Toxtricity
|-damage|p2a: Toxtricity|0 fnt
|faint|p2a: Toxtricity
|
|-heal|p1a: Hax Master|100/100|[from] item: Leftovers
|upkeep
|-message|jyai forfeited.
|
|win|The Last Hero
|l|☆jyai
|raw|The Last Hero's rating: 1683 → 1703(+20 for winning)
|raw|jyai's rating: 1697 → 1676(-21 for losing)
