|ScrapeTime|2020-01-01-20:44:40
|j|☆CrimsonXantriss
|j|☆ShaynTheStorm
|player|p1|CrimsonXantriss|steven|1045
|player|p2|ShaynTheStorm|iris-gen5bw2|1062
|teamsize|p1|6
|teamsize|p2|6
|gametype|singles
|gen|8
|tier|[Gen 8] OU
|rated|
|rule|Sleep Clause Mod: Limit one foe put to sleep
|rule|Species Clause: Limit one of each Pokémon
|rule|OHKO Clause: OHKO moves are banned
|rule|Evasion Moves Clause: Evasion moves are banned
|rule|Endless Battle Clause: Forcing endless battles is banned
|rule|HP Percentage Mod: HP is shown in percentages
|clearpoke
|poke|p1|Dragapult, F|
|poke|p1|Rotom-Heat|
|poke|p1|Grimmsnarl, M|
|poke|p1|Seismitoad, F|
|poke|p1|Hatterene, F|
|poke|p1|Ferrothorn, F|
|poke|p2|Golisopod, M|
|poke|p2|Weavile, M|
|poke|p2|Bewear, M|
|poke|p2|Chandelure, M|
|poke|p2|Lapras, F|
|poke|p2|Weezing-Galar, M|
|rule|Dynamax Clause: You cannot dynamax
|teampreview
|inactive|Battle timer is ON: inactive players will automatically lose when time's up. (requested by ShaynTheStorm)
|inactive|CrimsonXantriss has 120 seconds left.
|
|start
|switch|p1a: Ferrothorn|Ferrothorn, F|100/100
|switch|p2a: Nessy|Lapras, F|100/100
|turn|1
|
|switch|p2a: Revenge Killer|Chandelure, M|100/100
|move|p1a: Ferrothorn|Spikes|p2a: Revenge Killer
|-sidestart|p2: ShaynTheStorm|Spikes
|
|upkeep
|turn|2
|
|switch|p1a: Seismitoad|Seismitoad, F|100/100
|move|p2a: Revenge Killer|Flamethrower|p1a: Seismitoad
|-resisted|p1a: Seismitoad
|-damage|p1a: Seismitoad|75/100
|
|-heal|p1a: Seismitoad|81/100|[from] item: Leftovers
|upkeep
|turn|3
|
|switch|p2a: Nessy|Lapras, F|100/100
|-damage|p2a: Nessy|88/100|[from] Spikes
|move|p1a: Seismitoad|Earthquake|p2a: Nessy
|-damage|p2a: Nessy|57/100
|
|-heal|p1a: Seismitoad|87/100|[from] item: Leftovers
|-heal|p2a: Nessy|63/100|[from] item: Leftovers
|upkeep
|turn|4
|
|move|p1a: Seismitoad|Stealth Rock|p2a: Nessy
|-sidestart|p2: ShaynTheStorm|move: Stealth Rock
|move|p2a: Nessy|Freeze-Dry|p1a: Seismitoad
|-supereffective|p1a: Seismitoad
|-crit|p1a: Seismitoad
|-damage|p1a: Seismitoad|0 fnt
|faint|p1a: Seismitoad
|
|-heal|p2a: Nessy|69/100|[from] item: Leftovers
|upkeep
|
|switch|p1a: Hatterene|Hatterene, F|100/100
|turn|5
|
|move|p2a: Nessy|Hydro Pump|p1a: Hatterene
|-damage|p1a: Hatterene|51/100
|move|p1a: Hatterene|Calm Mind|p1a: Hatterene
|-boost|p1a: Hatterene|spa|1
|-boost|p1a: Hatterene|spd|1
|
|-heal|p2a: Nessy|75/100|[from] item: Leftovers
|-heal|p1a: Hatterene|57/100|[from] item: Leftovers
|upkeep
|turn|6
|
|move|p2a: Nessy|Hydro Pump|p1a: Hatterene
|-damage|p1a: Hatterene|23/100
|move|p1a: Hatterene|Dazzling Gleam|p2a: Nessy
|-damage|p2a: Nessy|32/100
|
|-heal|p2a: Nessy|38/100|[from] item: Leftovers
|-heal|p1a: Hatterene|29/100|[from] item: Leftovers
|upkeep
|turn|7
|
|switch|p1a: Dragapult|Dragapult, F|100/100
|move|p2a: Nessy|Hydro Pump|p1a: Dragapult|[miss]
|-miss|p2a: Nessy|p1a: Dragapult
|
|-heal|p2a: Nessy|44/100|[from] item: Leftovers
|upkeep
|turn|8
|
|move|p2a: Nessy|Protect|p2a: Nessy
|-singleturn|p2a: Nessy|Protect
|move|p1a: Dragapult|Draco Meteor|p2a: Nessy
|-activate|p2a: Nessy|move: Protect
|
|-heal|p2a: Nessy|50/100|[from] item: Leftovers
|upkeep
|turn|9
|
|switch|p2a: Mau|Weezing-Galar, M, shiny|100/100
|-damage|p2a: Mau|88/100|[from] Stealth Rock
|move|p1a: Dragapult|Draco Meteor|p2a: Mau
|-immune|p2a: Mau
|
|-heal|p2a: Mau|94/100|[from] item: Black Sludge
|upkeep
|turn|10
|
|switch|p1a: Rotom|Rotom-Heat|100/100
|move|p2a: Mau|Will-O-Wisp|p1a: Rotom|[miss]
|-miss|p2a: Mau|p1a: Rotom
|
|-heal|p2a: Mau|99/100|[from] item: Black Sludge
|upkeep
|turn|11
|
|move|p1a: Rotom|Thunder Wave|p2a: Mau
|-status|p2a: Mau|par
|cant|p2a: Mau|par
|
|-heal|p2a: Mau|100/100 par|[from] item: Black Sludge
|upkeep
|turn|12
|
|move|p1a: Rotom|Nasty Plot|p1a: Rotom
|-boost|p1a: Rotom|spa|2
|move|p2a: Mau|Defog|p1a: Rotom
|-unboost|p1a: Rotom|evasion|1
|-sideend|p2: ShaynTheStorm|Spikes|[from] move: Defog|[of] p2a: Mau
|-sideend|p2: ShaynTheStorm|Stealth Rock|[from] move: Defog|[of] p2a: Mau
|
|upkeep
|turn|13
|
|move|p1a: Rotom|Nasty Plot|p1a: Rotom
|-boost|p1a: Rotom|spa|2
|cant|p2a: Mau|par
|
|upkeep
|turn|14
|
|move|p1a: Rotom|Overheat|p2a: Mau
|-damage|p2a: Mau|0 fnt
|-unboost|p1a: Rotom|spa|2
|faint|p2a: Mau
|
|upkeep
|c|☆ShaynTheStorm|!weak Rotom-heat
|html|Rotom-Heat (ignoring abilities):Weaknesses: Ground, Rock, WaterResistances: Bug, Electric, Fairy, Fire, Flying, Grass, Ice, SteelImmunities: None
|
|switch|p2a: Guzma|Golisopod, M|100/100
|turn|15
|
|move|p2a: Guzma|Aqua Jet|p1a: Rotom
|-supereffective|p1a: Rotom
|-damage|p1a: Rotom|26/100
|-damage|p2a: Guzma|91/100|[from] item: Life Orb
|move|p1a: Rotom|Volt Switch|p2a: Guzma
|-supereffective|p2a: Guzma
|-damage|p2a: Guzma|0 fnt
|faint|p2a: Guzma
|inactive|CrimsonXantriss has 120 seconds left.
|
|switch|p1a: Grimmsnarl|Grimmsnarl, M|100/100|[from]move: Volt Switch
|
|upkeep
|c|☆ShaynTheStorm|!weak Grimmsnarl
|html|Grimmsnarl (ignoring abilities):Weaknesses: Fairy, Poison, SteelResistances: Dark, GhostImmunities: Dragon, Psychic
|
|switch|p2a: Space|Weavile, M|100/100
|-ability|p2a: Space|Pressure
|turn|16
|
|move|p1a: Grimmsnarl|Reflect|p1a: Grimmsnarl
|-sidestart|p1: CrimsonXantriss|Reflect
|move|p2a: Space|Poison Jab|p1a: Grimmsnarl
|-supereffective|p1a: Grimmsnarl
|-damage|p1a: Grimmsnarl|73/100
|-damage|p2a: Space|91/100|[from] item: Life Orb
|
|upkeep
|turn|17
|
|move|p2a: Space|Poison Jab|p1a: Grimmsnarl
|-supereffective|p1a: Grimmsnarl
|-damage|p1a: Grimmsnarl|44/100
|-status|p1a: Grimmsnarl|psn
|-damage|p2a: Space|81/100|[from] item: Life Orb
|move|p1a: Grimmsnarl|Spirit Break|p2a: Space
|-supereffective|p2a: Space
|-damage|p2a: Space|0 fnt
|faint|p2a: Space
|
|-damage|p1a: Grimmsnarl|31/100 psn|[from] psn
|upkeep
|
|switch|p2a: Bewear|Bewear, M|100/100
|turn|18
|
|move|p1a: Grimmsnarl|Spirit Break|p2a: Bewear
|-supereffective|p2a: Bewear
|-damage|p2a: Bewear|46/100
|-unboost|p2a: Bewear|spa|1
|move|p2a: Bewear|Bulk Up|p2a: Bewear
|-boost|p2a: Bewear|atk|1
|-boost|p2a: Bewear|def|1
|
|-heal|p2a: Bewear|52/100|[from] item: Leftovers
|-damage|p1a: Grimmsnarl|19/100 psn|[from] psn
|upkeep
|turn|19
|
|move|p2a: Bewear|Drain Punch|p1a: Grimmsnarl
|-damage|p1a: Grimmsnarl|0 fnt
|-heal|p2a: Bewear|60/100|[from] drain|[of] p1a: Grimmsnarl
|faint|p1a: Grimmsnarl
|
|-heal|p2a: Bewear|66/100|[from] item: Leftovers
|upkeep
|
|switch|p1a: Hatterene|Hatterene, F|29/100
|turn|20
|
|move|p2a: Bewear|Shadow Claw|p1a: Hatterene
|-supereffective|p1a: Hatterene
|-damage|p1a: Hatterene|0 fnt
|faint|p1a: Hatterene
|
|-heal|p2a: Bewear|72/100|[from] item: Leftovers
|upkeep
|
|switch|p1a: Rotom|Rotom-Heat|26/100
|turn|21
|
|move|p1a: Rotom|Thunder Wave|p2a: Bewear
|-status|p2a: Bewear|par
|cant|p2a: Bewear|par
|
|-heal|p2a: Bewear|78/100 par|[from] item: Leftovers
|upkeep
|turn|22
|
|move|p1a: Rotom|Overheat|p2a: Bewear
|-damage|p2a: Bewear|0 fnt
|-unboost|p1a: Rotom|spa|2
|faint|p2a: Bewear
|
|upkeep
|
|switch|p2a: Nessy|Lapras, F|50/100
|turn|23
|
|move|p2a: Nessy|Protect|p2a: Nessy
|-singleturn|p2a: Nessy|Protect
|move|p1a: Rotom|Thunder Wave|p2a: Nessy
|-activate|p2a: Nessy|move: Protect
|
|-heal|p2a: Nessy|56/100|[from] item: Leftovers
|-sideend|p1: CrimsonXantriss|Reflect
|upkeep
|turn|24
|
|switch|p1a: Dragapult|Dragapult, F|100/100
|move|p2a: Nessy|Freeze-Dry|p1a: Dragapult
|-supereffective|p1a: Dragapult
|-damage|p1a: Dragapult|15/100
|
|-heal|p2a: Nessy|62/100|[from] item: Leftovers
|upkeep
|turn|25
|
|switch|p1a: Ferrothorn|Ferrothorn, F|100/100
|move|p2a: Nessy|Freeze-Dry|p1a: Ferrothorn
|-damage|p1a: Ferrothorn|75/100
|
|-heal|p2a: Nessy|69/100|[from] item: Leftovers
|-heal|p1a: Ferrothorn|81/100|[from] item: Leftovers
|upkeep
|turn|26
|
|move|p2a: Nessy|Freeze-Dry|p1a: Ferrothorn
|-damage|p1a: Ferrothorn|57/100
|-status|p1a: Ferrothorn|frz
|cant|p1a: Ferrothorn|frz
|
|-heal|p2a: Nessy|75/100|[from] item: Leftovers
|-heal|p1a: Ferrothorn|63/100 frz|[from] item: Leftovers
|upkeep
|turn|27
|
|switch|p2a: Revenge Killer|Chandelure, M|100/100
|switch|p1a: Rotom|Rotom-Heat|26/100
|
|upkeep
|turn|28
|
|move|p2a: Revenge Killer|Shadow Ball|p1a: Rotom
|-damage|p1a: Rotom|0 fnt
|faint|p1a: Rotom
|
|upkeep
|
|switch|p1a: Dragapult|Dragapult, F|15/100
|turn|29
|
|move|p1a: Dragapult|Shadow Ball|p2a: Revenge Killer
|-supereffective|p2a: Revenge Killer
|-damage|p2a: Revenge Killer|0 fnt
|faint|p2a: Revenge Killer
|
|upkeep
|
|switch|p2a: Nessy|Lapras, F|75/100
|turn|30
|
|switch|p1a: Ferrothorn|Ferrothorn, F|63/100 frz
|move|p2a: Nessy|Freeze-Dry|p1a: Ferrothorn
|-damage|p1a: Ferrothorn|35/100 frz
|
|-heal|p2a: Nessy|81/100|[from] item: Leftovers
|-heal|p1a: Ferrothorn|41/100 frz|[from] item: Leftovers
|upkeep
|turn|31
|
|move|p2a: Nessy|Freeze-Dry|p1a: Ferrothorn
|-damage|p1a: Ferrothorn|16/100 frz
|cant|p1a: Ferrothorn|frz
|
|-heal|p2a: Nessy|87/100|[from] item: Leftovers
|-heal|p1a: Ferrothorn|22/100 frz|[from] item: Leftovers
|upkeep
|turn|32
|c|☆ShaynTheStorm|!weak Ferrothorn
|html|Ferrothorn (ignoring abilities):Weaknesses: Fighting, FireResistances: Dragon, Electric, Fairy, Grass, Normal, Psychic, Rock, Steel, WaterImmunities: Poison
|
|move|p2a: Nessy|Freeze-Dry|p1a: Ferrothorn
|-damage|p1a: Ferrothorn|0 fnt
|faint|p1a: Ferrothorn
|
|-heal|p2a: Nessy|93/100|[from] item: Leftovers
|upkeep
|
|switch|p1a: Dragapult|Dragapult, F|15/100
|turn|33
|
|move|p2a: Nessy|Protect|p2a: Nessy
|-singleturn|p2a: Nessy|Protect
|move|p1a: Dragapult|Draco Meteor|p2a: Nessy
|-activate|p2a: Nessy|move: Protect
|
|-heal|p2a: Nessy|99/100|[from] item: Leftovers
|upkeep
|turn|34
|
|move|p1a: Dragapult|Draco Meteor|p2a: Nessy
|-damage|p2a: Nessy|56/100
|-unboost|p1a: Dragapult|spa|2
|move|p2a: Nessy|Freeze-Dry|p1a: Dragapult
|-supereffective|p1a: Dragapult
|-damage|p1a: Dragapult|0 fnt
|faint|p1a: Dragapult
|
|win|ShaynTheStorm
|c|☆ShaynTheStorm|gg
|c|☆CrimsonXantriss|gg
|raw|CrimsonXantriss's rating: 1045 → 1029(-16 for losing)
|raw|ShaynTheStorm's rating: 1062 → 1091(+29 for winning)
