|ScrapeTime|2020-01-02-00:44:29
|j|☆Grinwald Krieg
|j|☆DeusSol
|player|p1|Grinwald Krieg|mina|1141
|player|p2|DeusSol|69|1185
|teamsize|p1|6
|teamsize|p2|6
|gametype|singles
|gen|8
|tier|[Gen 8] OU
|rated|
|rule|Sleep Clause Mod: Limit one foe put to sleep
|rule|Species Clause: Limit one of each Pokémon
|rule|OHKO Clause: OHKO moves are banned
|rule|Evasion Moves Clause: Evasion moves are banned
|rule|Endless Battle Clause: Forcing endless battles is banned
|rule|HP Percentage Mod: HP is shown in percentages
|clearpoke
|poke|p1|Cloyster, M|
|poke|p1|Dragapult, M|
|poke|p1|Cinderace, F|
|poke|p1|Clefable, F|
|poke|p1|Aegislash, F|
|poke|p1|Seismitoad, F|
|poke|p2|Rapidash-Galar, M|
|poke|p2|Sirfetch'd, M|
|poke|p2|Noivern, F|
|poke|p2|Mamoswine, F|
|poke|p2|Gengar, M|
|poke|p2|Inteleon, F|
|rule|Dynamax Clause: You cannot dynamax
|teampreview
|inactive|Battle timer is ON: inactive players will automatically lose when time's up. (requested by Grinwald Krieg)
|
|start
|switch|p1a: Cloyster|Cloyster, M, shiny|100/100
|switch|p2a: Inteleon|Inteleon, F|100/100
|turn|1
|
|move|p2a: Inteleon|Reflect|p2a: Inteleon
|-sidestart|p2: DeusSol|Reflect
|move|p1a: Cloyster|Shell Smash|p1a: Cloyster
|-unboost|p1a: Cloyster|def|1
|-unboost|p1a: Cloyster|spd|1
|-boost|p1a: Cloyster|atk|2
|-boost|p1a: Cloyster|spa|2
|-boost|p1a: Cloyster|spe|2
|
|upkeep
|turn|2
|
|move|p1a: Cloyster|Shell Smash|p1a: Cloyster
|-unboost|p1a: Cloyster|def|1
|-unboost|p1a: Cloyster|spd|1
|-boost|p1a: Cloyster|atk|2
|-boost|p1a: Cloyster|spa|2
|-boost|p1a: Cloyster|spe|2
|move|p2a: Inteleon|U-turn|p1a: Cloyster
|-damage|p1a: Cloyster|80/100
|
|switch|p2a: Sirfetch'd|Sirfetch'd, M|100/100|[from]move: U-turn
|
|upkeep
|turn|3
|
|move|p2a: Sirfetch'd|First Impression|p1a: Cloyster
|-damage|p1a: Cloyster|0 fnt
|faint|p1a: Cloyster
|
|upkeep
|
|switch|p1a: Dragapult|Dragapult, M|100/100
|turn|4
|c|☆DeusSol|zz
|
|switch|p2a: Inteleon|Inteleon, F|100/100
|move|p1a: Dragapult|Dragon Darts|p2a: Inteleon
|-crit|p2a: Inteleon
|-damage|p2a: Inteleon|0 fnt
|-hitcount|p2a: Inteleon|1
|faint|p2a: Inteleon
|
|upkeep
|inactive|DeusSol has 120 seconds left.
|
|switch|p2a: Gengar|Gengar, M|100/100
|turn|5
|
|move|p2a: Gengar|Shadow Ball|p1a: Dragapult
|-supereffective|p1a: Dragapult
|-damage|p1a: Dragapult|0 fnt
|faint|p1a: Dragapult
|
|upkeep
|
|switch|p1a: Seismitoad|Seismitoad, F|100/100
|turn|6
|inactive|DeusSol has 120 seconds left.
|
|switch|p2a: Rapidash|Rapidash-Galar, M|100/100
|move|p1a: Seismitoad|Earthquake|p2a: Rapidash
|-damage|p2a: Rapidash|61/100
|
|upkeep
|turn|7
|
|switch|p2a: Mamoswine|Mamoswine, F|100/100
|move|p1a: Seismitoad|Earthquake|p2a: Mamoswine
|-damage|p2a: Mamoswine|74/100
|
|upkeep
|turn|8
|
|move|p2a: Mamoswine|Stealth Rock|p1a: Seismitoad
|-sidestart|p1: Grinwald Krieg|move: Stealth Rock
|move|p1a: Seismitoad|Drain Punch|p2a: Mamoswine
|-supereffective|p2a: Mamoswine
|-damage|p2a: Mamoswine|46/100
|
|-sideend|p2: DeusSol|Reflect
|upkeep
|turn|9
|
|move|p2a: Mamoswine|Earthquake|p1a: Seismitoad
|-damage|p1a: Seismitoad|47/100
|move|p1a: Seismitoad|Earthquake|p2a: Mamoswine
|-damage|p2a: Mamoswine|0 fnt
|faint|p2a: Mamoswine
|
|upkeep
|
|switch|p2a: Noivern|Noivern, F|100/100
|turn|10
|
|move|p2a: Noivern|Hurricane|p1a: Seismitoad
|-damage|p1a: Seismitoad|16/100
|move|p1a: Seismitoad|Ice Punch|p2a: Noivern
|-supereffective|p2a: Noivern
|-damage|p2a: Noivern|0 fnt
|faint|p2a: Noivern
|
|upkeep
|
|switch|p2a: Gengar|Gengar, M|100/100
|turn|11
|
|move|p2a: Gengar|Shadow Ball|p1a: Seismitoad
|-damage|p1a: Seismitoad|0 fnt
|faint|p1a: Seismitoad
|
|upkeep
|
|switch|p1a: Clefable|Clefable, F|100/100
|turn|12
|
|move|p2a: Gengar|Shadow Ball|p1a: Clefable
|-damage|p1a: Clefable|58/100
|move|p1a: Clefable|Moonblast|p2a: Gengar
|-resisted|p2a: Gengar
|-damage|p2a: Gengar|50/100
|-unboost|p2a: Gengar|spa|1
|
|upkeep
|turn|13
|
|switch|p2a: Sirfetch'd|Sirfetch'd, M|100/100
|move|p1a: Clefable|Shadow Ball|p2a: Sirfetch'd
|-crit|p2a: Sirfetch'd
|-damage|p2a: Sirfetch'd|25/100
|
|upkeep
|turn|14
|
|move|p2a: Sirfetch'd|Brave Bird|p1a: Clefable
|-damage|p1a: Clefable|0 fnt
|-damage|p2a: Sirfetch'd|0 fnt|[from] Recoil
|faint|p1a: Clefable
|faint|p2a: Sirfetch'd
|
|upkeep
|
|switch|p2a: Gengar|Gengar, M|50/100
|switch|p1a: Cinderace|Cinderace, F|100/100
|turn|15
|
|move|p2a: Gengar|Shadow Ball|p1a: Cinderace
|-damage|p1a: Cinderace|41/100
|move|p1a: Cinderace|Pyro Ball|p2a: Gengar
|-damage|p2a: Gengar|0 fnt
|-start|p1a: Cinderace|Disable|Pyro Ball|[from] ability: Cursed Body|[of] p2a: Gengar
|faint|p2a: Gengar
|
|upkeep
|
|switch|p2a: Rapidash|Rapidash-Galar, M|61/100
|turn|16
|-message|DeusSol forfeited.
|
|win|Grinwald Krieg
|l|☆DeusSol
|raw|Grinwald Krieg's rating: 1141 → 1169(+28 for winning)
|raw|DeusSol's rating: 1185 → 1157(-28 for losing)
