|ScrapeTime|2020-01-03-01:18:43
|j|☆TestSubject88
|j|☆Dinodude65
|player|p1|TestSubject88|wally|1439
|player|p2|Dinodude65|266|1467
|teamsize|p1|6
|teamsize|p2|6
|gametype|singles
|gen|8
|tier|[Gen 8] OU
|rated|
|rule|Sleep Clause Mod: Limit one foe put to sleep
|rule|Species Clause: Limit one of each Pokémon
|rule|OHKO Clause: OHKO moves are banned
|rule|Evasion Moves Clause: Evasion moves are banned
|rule|Endless Battle Clause: Forcing endless battles is banned
|rule|HP Percentage Mod: HP is shown in percentages
|clearpoke
|poke|p1|Obstagoon, M|
|poke|p1|Corviknight, M|
|poke|p1|Seismitoad, F|
|poke|p1|Gengar, F|
|poke|p1|Cinderace, M|
|poke|p1|Clefable, F|
|poke|p2|Kommo-o, F|
|poke|p2|Weezing-Galar, F|
|poke|p2|Obstagoon, F|
|poke|p2|Ninetales, F|
|poke|p2|Aegislash, F|
|poke|p2|Rotom-Wash|
|rule|Dynamax Clause: You cannot dynamax
|teampreview
|inactive|Battle timer is ON: inactive players will automatically lose when time's up. (requested by Dinodude65)
|
|start
|switch|p1a: Cinderace|Cinderace, M|100/100
|switch|p2a: Ninetales|Ninetales, F|100/100
|-weather|SunnyDay|[from] ability: Drought|[of] p2a: Ninetales
|turn|1
|
|move|p1a: Cinderace|Pyro Ball|p2a: Ninetales
|-resisted|p2a: Ninetales
|-damage|p2a: Ninetales|30/100
|move|p2a: Ninetales|Weather Ball|p1a: Cinderace
|-resisted|p1a: Cinderace
|-damage|p1a: Cinderace|43/100
|
|-weather|SunnyDay|[upkeep]
|upkeep
|turn|2
|
|switch|p2a: Kommo-o|Kommo-o, F|100/100
|move|p1a: Cinderace|Pyro Ball|p2a: Kommo-o
|-resisted|p2a: Kommo-o
|-damage|p2a: Kommo-o|69/100
|
|-weather|SunnyDay|[upkeep]
|-heal|p2a: Kommo-o|76/100|[from] item: Leftovers
|upkeep
|turn|3
|inactive|TestSubject88 has 120 seconds left.
|
|switch|p1a: Corviknight|Corviknight, M|100/100
|-ability|p1a: Corviknight|Pressure
|move|p2a: Kommo-o|Stealth Rock|p1a: Corviknight
|-sidestart|p1: TestSubject88|move: Stealth Rock
|
|-weather|SunnyDay|[upkeep]
|-heal|p2a: Kommo-o|82/100|[from] item: Leftovers
|upkeep
|turn|4
|
|move|p2a: Kommo-o|Iron Defense|p2a: Kommo-o
|-boost|p2a: Kommo-o|def|2
|move|p1a: Corviknight|Defog|p2a: Kommo-o
|-unboost|p2a: Kommo-o|evasion|1
|-sideend|p1: TestSubject88|Stealth Rock|[from] move: Defog|[of] p1a: Corviknight
|
|-weather|SunnyDay|[upkeep]
|-heal|p2a: Kommo-o|88/100|[from] item: Leftovers
|upkeep
|turn|5
|
|move|p2a: Kommo-o|Stealth Rock|p1a: Corviknight
|-sidestart|p1: TestSubject88|move: Stealth Rock
|move|p1a: Corviknight|Brave Bird|p2a: Kommo-o
|-supereffective|p2a: Kommo-o
|-crit|p2a: Kommo-o
|-damage|p2a: Kommo-o|19/100
|-damage|p1a: Corviknight|80/100|[from] Recoil
|
|-weather|none
|-heal|p2a: Kommo-o|25/100|[from] item: Leftovers
|-heal|p1a: Corviknight|86/100|[from] item: Leftovers
|upkeep
|turn|6
|
|switch|p2a: Rotom|Rotom-Wash|100/100
|move|p1a: Corviknight|Defog|p2a: Rotom
|-unboost|p2a: Rotom|evasion|1
|-sideend|p1: TestSubject88|Stealth Rock|[from] move: Defog|[of] p1a: Corviknight
|
|-heal|p1a: Corviknight|93/100|[from] item: Leftovers
|upkeep
|turn|7
|
|switch|p1a: Seismitoad|Seismitoad, F|100/100
|move|p2a: Rotom|Trick|p1a: Seismitoad
|-activate|p2a: Rotom|move: Trick|[of] p1a: Seismitoad
|-item|p1a: Seismitoad|Choice Scarf|[from] move: Trick
|-item|p2a: Rotom|Leftovers|[from] move: Trick
|
|upkeep
|turn|8
|inactive|TestSubject88 has 120 seconds left.
|
|switch|p2a: Obstagoon|Obstagoon, F|100/100
|move|p1a: Seismitoad|Scald|p2a: Obstagoon
|-damage|p2a: Obstagoon|68/100
|
|-status|p2a: Obstagoon|brn|[from] item: Flame Orb
|upkeep
|turn|9
|inactive|TestSubject88 has 120 seconds left.
|
|switch|p1a: Clefable|Clefable, F|100/100
|move|p2a: Obstagoon|Facade|p1a: Clefable
|-damage|p1a: Clefable|19/100
|
|-heal|p1a: Clefable|25/100|[from] item: Leftovers
|-damage|p2a: Obstagoon|62/100 brn|[from] brn
|upkeep
|turn|10
|inactive|TestSubject88 has 90 seconds left.
|inactive|TestSubject88 has 60 seconds left.
|
|move|p1a: Clefable|Protect|p1a: Clefable
|-singleturn|p1a: Clefable|Protect
|move|p2a: Obstagoon|Facade|p1a: Clefable
|-activate|p1a: Clefable|move: Protect
|
|-heal|p1a: Clefable|31/100|[from] item: Leftovers
|-damage|p2a: Obstagoon|56/100 brn|[from] brn
|upkeep
|turn|11
|
|move|p2a: Obstagoon|Knock Off|p1a: Clefable
|-resisted|p1a: Clefable
|-damage|p1a: Clefable|5/100
|-enditem|p1a: Clefable|Leftovers|[from] move: Knock Off|[of] p2a: Obstagoon
|move|p1a: Clefable|Moonblast|p2a: Obstagoon
|-supereffective|p2a: Obstagoon
|-damage|p2a: Obstagoon|0 fnt
|faint|p2a: Obstagoon
|
|upkeep
|
|switch|p2a: Ninetales|Ninetales, F|30/100
|-weather|SunnyDay|[from] ability: Drought|[of] p2a: Ninetales
|turn|12
|
|move|p2a: Ninetales|Weather Ball|p1a: Clefable
|-damage|p1a: Clefable|0 fnt
|faint|p1a: Clefable
|
|-weather|SunnyDay|[upkeep]
|upkeep
|inactive|TestSubject88 has 60 seconds left.
|
|switch|p1a: Gengar|Gengar, F|100/100
|turn|13
|inactive|TestSubject88 has 60 seconds left.
|
|switch|p2a: Rotom|Rotom-Wash|100/100
|move|p1a: Gengar|Shadow Ball|p2a: Rotom
|-damage|p2a: Rotom|24/100
|-unboost|p2a: Rotom|spd|1
|-damage|p1a: Gengar|91/100|[from] item: Life Orb
|
|-weather|SunnyDay|[upkeep]
|-heal|p2a: Rotom|30/100|[from] item: Leftovers
|upkeep
|turn|14
|
|move|p1a: Gengar|Shadow Ball|p2a: Rotom
|-damage|p2a: Rotom|0 fnt
|-damage|p1a: Gengar|81/100|[from] item: Life Orb
|faint|p2a: Rotom
|
|-weather|SunnyDay|[upkeep]
|upkeep
|
|switch|p2a: Weezing|Weezing-Galar, F|100/100
|turn|15
|inactive|TestSubject88 has 30 seconds left.
|
|move|p1a: Gengar|Sludge Wave|p2a: Weezing
|-damage|p2a: Weezing|39/100
|-damage|p1a: Gengar|71/100|[from] item: Life Orb
|move|p2a: Weezing|Overheat|p1a: Gengar
|-damage|p1a: Gengar|5/100
|-unboost|p2a: Weezing|spa|2
|
|-weather|SunnyDay|[upkeep]
|-heal|p2a: Weezing|45/100|[from] item: Black Sludge
|upkeep
|turn|16
|inactive|TestSubject88 has 30 seconds left.
|
|move|p1a: Gengar|Shadow Ball|p2a: Weezing
|-damage|p2a: Weezing|0 fnt
|-damage|p1a: Gengar|0 fnt|[from] item: Life Orb
|faint|p2a: Weezing
|faint|p1a: Gengar
|
|-weather|none
|upkeep
|inactive|TestSubject88 has 30 seconds left.
|inactive|TestSubject88 has 20 seconds left.
|
|switch|p1a: Cinderace|Cinderace, M|43/100
|switch|p2a: Aegislash|Aegislash, F|100/100
|turn|17
|inactive|TestSubject88 has 30 seconds left this turn.
|inactive|TestSubject88 has 20 seconds left.
|
|-formechange|p2a: Aegislash|Aegislash-Blade||[from] ability: Stance Change
|move|p2a: Aegislash|Shadow Sneak|p1a: Cinderace
|-damage|p1a: Cinderace|0 fnt
|faint|p1a: Cinderace
|
|upkeep
|inactive|TestSubject88 has 25 seconds left this turn.
|inactive|TestSubject88 has 20 seconds left.
|
|switch|p1a: Obstagoon|Obstagoon, M|100/100
|turn|18
|inactive|TestSubject88 has 30 seconds left this turn.
|
|switch|p2a: Kommo-o|Kommo-o, F|25/100
|move|p1a: Obstagoon|Knock Off|p2a: Kommo-o
|-resisted|p2a: Kommo-o
|-damage|p2a: Kommo-o|12/100
|-enditem|p2a: Kommo-o|Leftovers|[from] move: Knock Off|[of] p1a: Obstagoon
|
|-status|p1a: Obstagoon|brn|[from] item: Flame Orb
|upkeep
|turn|19
|inactive|TestSubject88 has 30 seconds left.
|
|move|p1a: Obstagoon|Facade|p2a: Kommo-o
|-damage|p2a: Kommo-o|0 fnt
|faint|p2a: Kommo-o
|
|-damage|p1a: Obstagoon|94/100 brn|[from] brn
|upkeep
|
|switch|p2a: Ninetales|Ninetales, F|30/100
|-weather|SunnyDay|[from] ability: Drought|[of] p2a: Ninetales
|turn|20
|
|switch|p1a: Corviknight|Corviknight, M|93/100
|-ability|p1a: Corviknight|Pressure
|move|p2a: Ninetales|Weather Ball|p1a: Corviknight
|-supereffective|p1a: Corviknight
|-damage|p1a: Corviknight|0 fnt
|faint|p1a: Corviknight
|
|-weather|SunnyDay|[upkeep]
|upkeep
|
|switch|p1a: Seismitoad|Seismitoad, F|100/100
|turn|21
|
|switch|p2a: Aegislash|Aegislash, F|100/100
|move|p1a: Seismitoad|Earthquake|p2a: Aegislash
|-supereffective|p2a: Aegislash
|-damage|p2a: Aegislash|54/100
|
|-weather|SunnyDay|[upkeep]
|upkeep
|turn|22
|
|move|p1a: Seismitoad|Earthquake|p2a: Aegislash
|-supereffective|p2a: Aegislash
|-damage|p2a: Aegislash|5/100
|-formechange|p2a: Aegislash|Aegislash-Blade||[from] ability: Stance Change
|move|p2a: Aegislash|Close Combat|p1a: Seismitoad
|-damage|p1a: Seismitoad|47/100
|-unboost|p2a: Aegislash|def|1
|-unboost|p2a: Aegislash|spd|1
|
|-weather|SunnyDay|[upkeep]
|upkeep
|turn|23
|
|move|p1a: Seismitoad|Earthquake|p2a: Aegislash
|-supereffective|p2a: Aegislash
|-damage|p2a: Aegislash|0 fnt
|faint|p2a: Aegislash
|
|-weather|SunnyDay|[upkeep]
|upkeep
|
|switch|p2a: Ninetales|Ninetales, F|30/100
|turn|24
|
|move|p2a: Ninetales|Weather Ball|p1a: Seismitoad
|-resisted|p1a: Seismitoad
|-damage|p1a: Seismitoad|3/100
|move|p1a: Seismitoad|Earthquake|p2a: Ninetales
|-supereffective|p2a: Ninetales
|-damage|p2a: Ninetales|0 fnt
|faint|p2a: Ninetales
|
|win|TestSubject88
|l|☆Dinodude65
|raw|TestSubject88's rating: 1439 → 1461(+22 for winning)
|raw|Dinodude65's rating: 1467 → 1445(-22 for losing)
