|ScrapeTime|2020-01-02-15:14:36
|j|☆ntmymike
|j|☆kinori3
|player|p1|ntmymike|hilbert-dueldisk|1095
|player|p2|kinori3|266|1095
|teamsize|p1|6
|teamsize|p2|6
|gametype|singles
|gen|8
|tier|[Gen 8] OU
|rated|
|rule|Sleep Clause Mod: Limit one foe put to sleep
|rule|Species Clause: Limit one of each Pokémon
|rule|OHKO Clause: OHKO moves are banned
|rule|Evasion Moves Clause: Evasion moves are banned
|rule|Endless Battle Clause: Forcing endless battles is banned
|rule|HP Percentage Mod: HP is shown in percentages
|clearpoke
|poke|p1|Cinderace, F|
|poke|p1|Lapras, F|
|poke|p1|Ferrothorn, M|
|poke|p1|Hydreigon, M|
|poke|p1|Toxtricity, M|
|poke|p1|Grimmsnarl, M|
|poke|p2|Cottonee, L1, M|
|poke|p2|Solosis, L1, M|
|poke|p2|Excadrill, M|
|poke|p2|Tyranitar, F|
|poke|p2|Togekiss, F|
|poke|p2|Yamask, L1, F|
|rule|Dynamax Clause: You cannot dynamax
|teampreview
|
|start
|switch|p1a: Grimmsnarl|Grimmsnarl, M|100/100
|switch|p2a: Solosis|Solosis, L1, M|100/100
|turn|1
|
|move|p1a: Grimmsnarl|Thunder Wave|p2a: Solosis
|-status|p2a: Solosis|par
|move|p2a: Solosis|Trick Room|p2a: Solosis
|-fieldstart|move: Trick Room|[of] p2a: Solosis
|
|upkeep
|turn|2
|
|move|p2a: Solosis|Encore|p1a: Grimmsnarl
|-start|p1a: Grimmsnarl|Encore
|move|p1a: Grimmsnarl|Thunder Wave|p2a: Solosis
|-fail|p2a: Solosis|par
|
|upkeep
|turn|3
|
|switch|p2a: Yamask|Yamask, L1, F|100/100
|switch|p1a: Ferrothorn|Ferrothorn, M|100/100
|
|upkeep
|turn|4
|
|move|p2a: Yamask|Toxic Spikes|p1a: Ferrothorn
|-sidestart|p1: ntmymike|move: Toxic Spikes
|move|p1a: Ferrothorn|Leech Seed|p2a: Yamask
|-start|p2a: Yamask|move: Leech Seed
|
|-damage|p2a: Yamask|92/100|[from] Leech Seed|[of] p1a: Ferrothorn
|upkeep
|turn|5
|
|move|p2a: Yamask|Destiny Bond|p2a: Yamask
|-singlemove|p2a: Yamask|Destiny Bond
|move|p1a: Ferrothorn|Stealth Rock|p2a: Yamask
|-sidestart|p2: kinori3|move: Stealth Rock
|
|-damage|p2a: Yamask|84/100|[from] Leech Seed|[of] p1a: Ferrothorn
|-fieldend|move: Trick Room
|upkeep
|turn|6
|
|switch|p1a: Toxtricity|Toxtricity, M|100/100
|-sideend|p1: ntmymike|move: Toxic Spikes|[of] p1a: Toxtricity
|move|p2a: Yamask|Trick Room|p2a: Yamask
|-fieldstart|move: Trick Room|[of] p2a: Yamask
|
|-damage|p2a: Yamask|75/100|[from] Leech Seed|[of] p1a: Toxtricity
|upkeep
|turn|7
|
|switch|p1a: Grimmsnarl|Grimmsnarl, M|100/100
|move|p2a: Yamask|Destiny Bond|p2a: Yamask
|-singlemove|p2a: Yamask|Destiny Bond
|
|-damage|p2a: Yamask|67/100|[from] Leech Seed|[of] p1a: Grimmsnarl
|upkeep
|turn|8
|
|move|p1a: Grimmsnarl|Thunder Wave|p2a: Yamask
|-status|p2a: Yamask|par
|move|p2a: Yamask|Toxic Spikes|p1a: Grimmsnarl
|-sidestart|p1: ntmymike|move: Toxic Spikes
|
|-damage|p2a: Yamask|59/100 par|[from] Leech Seed|[of] p1a: Grimmsnarl
|upkeep
|turn|9
|
|move|p1a: Grimmsnarl|Thunder Wave|p2a: Yamask
|-fail|p2a: Yamask|par
|cant|p2a: Yamask|par
|
|-damage|p2a: Yamask|50/100 par|[from] Leech Seed|[of] p1a: Grimmsnarl
|upkeep
|turn|10
|
|switch|p1a: Toxtricity|Toxtricity, M|100/100
|-sideend|p1: ntmymike|move: Toxic Spikes|[of] p1a: Toxtricity
|move|p2a: Yamask|Toxic Spikes|p1a: Toxtricity
|-sidestart|p1: ntmymike|move: Toxic Spikes
|
|-damage|p2a: Yamask|42/100 par|[from] Leech Seed|[of] p1a: Toxtricity
|-fieldend|move: Trick Room
|upkeep
|turn|11
|
|move|p1a: Toxtricity|Hex|p2a: Yamask
|-supereffective|p2a: Yamask
|-damage|p2a: Yamask|0 fnt
|faint|p2a: Yamask
|
|upkeep
|
|switch|p2a: Tyranitar|Tyranitar, F|100/100
|-damage|p2a: Tyranitar|88/100|[from] Stealth Rock
|-weather|Sandstorm|[from] ability: Sand Stream|[of] p2a: Tyranitar
|turn|12
|
|move|p1a: Toxtricity|Overdrive|p2a: Tyranitar
|-damage|p2a: Tyranitar|64/100
|-enditem|p1a: Toxtricity|Throat Spray
|-boost|p1a: Toxtricity|spa|1
|move|p2a: Tyranitar|Earthquake|p1a: Toxtricity
|-supereffective|p1a: Toxtricity
|-damage|p1a: Toxtricity|0 fnt
|faint|p1a: Toxtricity
|
|-weather|Sandstorm|[upkeep]
|-heal|p2a: Tyranitar|70/100|[from] item: Leftovers
|upkeep
|
|switch|p1a: Ferrothorn|Ferrothorn, M|100/100
|turn|13
|
|move|p2a: Tyranitar|Flamethrower|p1a: Ferrothorn
|-supereffective|p1a: Ferrothorn
|-damage|p1a: Ferrothorn|38/100
|move|p1a: Ferrothorn|Body Press|p2a: Tyranitar
|-supereffective|p2a: Tyranitar
|-damage|p2a: Tyranitar|0 fnt
|faint|p2a: Tyranitar
|
|-weather|Sandstorm|[upkeep]
|-heal|p1a: Ferrothorn|44/100|[from] item: Leftovers
|upkeep
|
|switch|p2a: Excadrill|Excadrill, M|100/100
|-damage|p2a: Excadrill|97/100|[from] Stealth Rock
|turn|14
|
|move|p1a: Ferrothorn|Protect|p1a: Ferrothorn
|-singleturn|p1a: Ferrothorn|Protect
|move|p2a: Excadrill|Rapid Spin|p1a: Ferrothorn
|-activate|p1a: Ferrothorn|move: Protect
|
|-weather|Sandstorm|[upkeep]
|-heal|p2a: Excadrill|100/100|[from] item: Leftovers
|-heal|p1a: Ferrothorn|50/100|[from] item: Leftovers
|upkeep
|turn|15
|
|move|p2a: Excadrill|Rapid Spin|p1a: Ferrothorn
|-resisted|p1a: Ferrothorn
|-damage|p1a: Ferrothorn|44/100
|-damage|p2a: Excadrill|88/100|[from] ability: Iron Barbs|[of] p1a: Ferrothorn
|-sideend|p2: kinori3|Stealth Rock|[from] move: Rapid Spin|[of] p2a: Excadrill
|-boost|p2a: Excadrill|spe|1
|move|p1a: Ferrothorn|Body Press|p2a: Excadrill
|-supereffective|p2a: Excadrill
|-damage|p2a: Excadrill|5/100
|
|-weather|Sandstorm|[upkeep]
|-heal|p2a: Excadrill|11/100|[from] item: Leftovers
|-heal|p1a: Ferrothorn|50/100|[from] item: Leftovers
|upkeep
|turn|16
|
|move|p2a: Excadrill|Earthquake|p1a: Ferrothorn
|-damage|p1a: Ferrothorn|20/100
|move|p1a: Ferrothorn|Leech Seed|p2a: Excadrill
|-start|p2a: Excadrill|move: Leech Seed
|
|-weather|none
|-heal|p2a: Excadrill|17/100|[from] item: Leftovers
|-heal|p1a: Ferrothorn|26/100|[from] item: Leftovers
|-damage|p2a: Excadrill|5/100|[from] Leech Seed|[of] p1a: Ferrothorn
|-heal|p1a: Ferrothorn|38/100|[silent]
|upkeep
|turn|17
|
|move|p1a: Ferrothorn|Protect|p1a: Ferrothorn
|-singleturn|p1a: Ferrothorn|Protect
|move|p2a: Excadrill|Earthquake|p1a: Ferrothorn
|-activate|p1a: Ferrothorn|move: Protect
|
|-heal|p2a: Excadrill|11/100|[from] item: Leftovers
|-heal|p1a: Ferrothorn|44/100|[from] item: Leftovers
|-damage|p2a: Excadrill|0 fnt|[from] Leech Seed|[of] p1a: Ferrothorn
|-heal|p1a: Ferrothorn|55/100|[silent]
|faint|p2a: Excadrill
|upkeep
|
|switch|p2a: Solosis|Solosis, L1, M|100/100 par
|turn|18
|
|move|p1a: Ferrothorn|Leech Seed|p2a: Solosis
|-start|p2a: Solosis|move: Leech Seed
|cant|p2a: Solosis|par
|
|-heal|p1a: Ferrothorn|61/100|[from] item: Leftovers
|upkeep
|turn|19
|
|move|p1a: Ferrothorn|Body Press|p2a: Solosis
|-resisted|p2a: Solosis
|-enditem|p2a: Solosis|Focus Sash
|-damage|p2a: Solosis|9/100 par
|cant|p2a: Solosis|par
|
|-heal|p1a: Ferrothorn|67/100|[from] item: Leftovers
|upkeep
|turn|20
|
|move|p1a: Ferrothorn|Body Press|p2a: Solosis
|-resisted|p2a: Solosis
|-damage|p2a: Solosis|0 fnt
|faint|p2a: Solosis
|
|-heal|p1a: Ferrothorn|73/100|[from] item: Leftovers
|upkeep
|
|switch|p2a: Togekiss|Togekiss, F|100/100
|turn|21
|
|move|p2a: Togekiss|Nasty Plot|p2a: Togekiss
|-boost|p2a: Togekiss|spa|2
|move|p1a: Ferrothorn|Stealth Rock|p2a: Togekiss
|-sidestart|p2: kinori3|move: Stealth Rock
|
|-heal|p1a: Ferrothorn|79/100|[from] item: Leftovers
|upkeep
|turn|22
|
|switch|p1a: Cinderace|Cinderace, F|100/100
|move|p2a: Togekiss|Flamethrower|p1a: Cinderace
|-resisted|p1a: Cinderace
|-damage|p1a: Cinderace|55/100
|
|upkeep
|turn|23
|
|move|p1a: Cinderace|Gunk Shot|p2a: Togekiss|[miss]
|-miss|p1a: Cinderace|p2a: Togekiss
|move|p2a: Togekiss|Air Slash|p1a: Cinderace
|-damage|p1a: Cinderace|0 fnt
|faint|p1a: Cinderace
|
|upkeep
|
|switch|p1a: Lapras|Lapras, F|100/100
|-status|p1a: Lapras|psn
|turn|24
|
|switch|p1a: Ferrothorn|Ferrothorn, M|79/100
|move|p2a: Togekiss|Air Slash|p1a: Ferrothorn
|-damage|p1a: Ferrothorn|19/100
|
|-heal|p1a: Ferrothorn|25/100|[from] item: Leftovers
|upkeep
|turn|25
|
|move|p2a: Togekiss|Air Slash|p1a: Ferrothorn
|-damage|p1a: Ferrothorn|0 fnt
|faint|p1a: Ferrothorn
|
|upkeep
|
|switch|p1a: Grimmsnarl|Grimmsnarl, M|100/100
|-status|p1a: Grimmsnarl|psn
|turn|26
|
|move|p1a: Grimmsnarl|Thunder Wave|p2a: Togekiss
|-status|p2a: Togekiss|par
|move|p2a: Togekiss|Air Slash|p1a: Grimmsnarl
|-damage|p1a: Grimmsnarl|26/100 psn
|
|-damage|p1a: Grimmsnarl|14/100 psn|[from] psn
|upkeep
|turn|27
|
|move|p1a: Grimmsnarl|Spirit Break|p2a: Togekiss
|-damage|p2a: Togekiss|53/100 par
|-unboost|p2a: Togekiss|spa|1
|move|p2a: Togekiss|Air Slash|p1a: Grimmsnarl|[miss]
|-miss|p2a: Togekiss|p1a: Grimmsnarl
|
|-heal|p2a: Togekiss|59/100 par|[from] item: Leftovers
|-damage|p1a: Grimmsnarl|2/100 psn|[from] psn
|upkeep
|turn|28
|
|move|p1a: Grimmsnarl|Spirit Break|p2a: Togekiss
|-damage|p2a: Togekiss|9/100 par
|-unboost|p2a: Togekiss|spa|1
|move|p2a: Togekiss|Nasty Plot|p2a: Togekiss
|-boost|p2a: Togekiss|spa|2
|
|-heal|p2a: Togekiss|15/100 par|[from] item: Leftovers
|-damage|p1a: Grimmsnarl|0 fnt|[from] psn
|faint|p1a: Grimmsnarl
|upkeep
|
|switch|p1a: Lapras|Lapras, F|100/100 psn
|turn|29
|
|move|p1a: Lapras|Ice Beam|p2a: Togekiss
|-supereffective|p2a: Togekiss
|-damage|p2a: Togekiss|0 fnt
|faint|p2a: Togekiss
|
|-damage|p1a: Lapras|88/100 psn|[from] psn
|upkeep
|
|switch|p2a: Cottonee|Cottonee, L1, M|100/100
|-damage|p2a: Cottonee|92/100|[from] Stealth Rock
|turn|30
|
|move|p2a: Cottonee|Encore|p1a: Lapras
|-start|p1a: Lapras|Encore
|move|p1a: Lapras|Ice Beam|p2a: Cottonee
|-supereffective|p2a: Cottonee
|-damage|p2a: Cottonee|0 fnt
|faint|p2a: Cottonee
|
|win|ntmymike
