|ScrapeTime|2020-01-02-02:54:43
|j|☆Adanx64
|j|☆ultraman silver
|player|p1|Adanx64|wattson|1490
|player|p2|ultraman silver|164|1516
|teamsize|p1|6
|teamsize|p2|6
|gametype|singles
|gen|8
|tier|[Gen 8] OU
|rated|
|rule|Sleep Clause Mod: Limit one foe put to sleep
|rule|Species Clause: Limit one of each Pokémon
|rule|OHKO Clause: OHKO moves are banned
|rule|Evasion Moves Clause: Evasion moves are banned
|rule|Endless Battle Clause: Forcing endless battles is banned
|rule|HP Percentage Mod: HP is shown in percentages
|clearpoke
|poke|p1|Obstagoon, M|
|poke|p1|Hydreigon, M|
|poke|p1|Cinderace, F|
|poke|p1|Rotom-Wash|
|poke|p1|Aegislash, F|
|poke|p1|Toxapex, M|
|poke|p2|Crawdaunt, M|
|poke|p2|Conkeldurr, F|
|poke|p2|Seismitoad, M|
|poke|p2|Dragapult, M|
|poke|p2|Corviknight, F|
|poke|p2|Cinderace, F|
|rule|Dynamax Clause: You cannot dynamax
|teampreview
|inactive|Battle timer is ON: inactive players will automatically lose when time's up. (requested by ultraman silver)
|
|start
|switch|p1a: Obstagoon|Obstagoon, M|100/100
|switch|p2a: Crawdaunt|Crawdaunt, M|100/100
|turn|1
|
|move|p1a: Obstagoon|Obstruct|p1a: Obstagoon
|-singleturn|p1a: Obstagoon|Protect
|move|p2a: Crawdaunt|Close Combat|p1a: Obstagoon
|-activate|p1a: Obstagoon|move: Protect
|-unboost|p2a: Crawdaunt|def|2
|
|-status|p1a: Obstagoon|brn|[from] item: Flame Orb
|upkeep
|turn|2
|
|switch|p2a: Conkeldurr|Conkeldurr, F|100/100
|move|p1a: Obstagoon|Facade|p2a: Conkeldurr
|-damage|p2a: Conkeldurr|19/100
|
|-damage|p1a: Obstagoon|94/100 brn|[from] brn
|-status|p2a: Conkeldurr|brn|[from] item: Flame Orb
|upkeep
|turn|3
|
|switch|p1a: Aegislash|Aegislash, F|100/100
|move|p2a: Conkeldurr|Mach Punch|p1a: Aegislash
|-immune|p1a: Aegislash
|
|-damage|p2a: Conkeldurr|13/100 brn|[from] brn
|upkeep
|turn|4
|
|switch|p2a: Seismitoad|Seismitoad, M|100/100
|-formechange|p1a: Aegislash|Aegislash-Blade||[from] ability: Stance Change
|move|p1a: Aegislash|Shadow Sneak|p2a: Seismitoad
|-damage|p2a: Seismitoad|83/100
|
|-heal|p2a: Seismitoad|89/100|[from] item: Leftovers
|upkeep
|turn|5
|
|switch|p1a: Hydreigon|Hydreigon, M|100/100
|move|p2a: Seismitoad|Stealth Rock|p1a: Hydreigon
|-sidestart|p1: Adanx64|move: Stealth Rock
|
|-heal|p2a: Seismitoad|95/100|[from] item: Leftovers
|upkeep
|turn|6
|
|switch|p2a: Corviknight|Corviknight, F|100/100
|-ability|p2a: Corviknight|Pressure
|move|p1a: Hydreigon|Dark Pulse|p2a: Corviknight
|-damage|p2a: Corviknight|70/100
|
|-heal|p2a: Corviknight|76/100|[from] item: Leftovers
|upkeep
|turn|7
|
|switch|p1a: Cinderace|Cinderace, F|100/100
|move|p2a: Corviknight|U-turn|p1a: Cinderace
|-resisted|p1a: Cinderace
|-damage|p1a: Cinderace|90/100
|
|switch|p2a: Crawdaunt|Crawdaunt, M|100/100|[from]move: U-turn
|
|upkeep
|turn|8
|
|move|p2a: Crawdaunt|Aqua Jet|p1a: Cinderace
|-supereffective|p1a: Cinderace
|-damage|p1a: Cinderace|0 fnt
|faint|p1a: Cinderace
|
|upkeep
|
|switch|p1a: Hydreigon|Hydreigon, M|100/100
|-damage|p1a: Hydreigon|88/100|[from] Stealth Rock
|turn|9
|
|switch|p2a: Corviknight|Corviknight, F|76/100
|-ability|p2a: Corviknight|Pressure
|move|p1a: Hydreigon|U-turn|p2a: Corviknight
|-resisted|p2a: Corviknight
|-damage|p2a: Corviknight|73/100
|
|switch|p1a: Rotom|Rotom-Wash|100/100|[from]move: U-turn
|-damage|p1a: Rotom|88/100|[from] Stealth Rock
|
|-heal|p2a: Corviknight|79/100|[from] item: Leftovers
|upkeep
|turn|10
|
|switch|p2a: Seismitoad|Seismitoad, M|95/100
|move|p1a: Rotom|Dark Pulse|p2a: Seismitoad
|-damage|p2a: Seismitoad|59/100
|
|-heal|p2a: Seismitoad|65/100|[from] item: Leftovers
|upkeep
|turn|11
|
|move|p1a: Rotom|Dark Pulse|p2a: Seismitoad
|-damage|p2a: Seismitoad|31/100
|move|p2a: Seismitoad|Toxic|p1a: Rotom
|-status|p1a: Rotom|tox
|
|-heal|p2a: Seismitoad|37/100|[from] item: Leftovers
|-damage|p1a: Rotom|82/100 tox|[from] psn
|upkeep
|turn|12
|
|move|p1a: Rotom|Dark Pulse|p2a: Seismitoad
|-damage|p2a: Seismitoad|0 fnt
|faint|p2a: Seismitoad
|
|-damage|p1a: Rotom|69/100 tox|[from] psn
|upkeep
|
|switch|p2a: Crawdaunt|Crawdaunt, M|100/100
|turn|13
|
|switch|p1a: Toxapex|Toxapex, M|100/100
|-damage|p1a: Toxapex|88/100|[from] Stealth Rock
|move|p2a: Crawdaunt|Knock Off|p1a: Toxapex
|-damage|p1a: Toxapex|30/100
|-enditem|p1a: Toxapex|Black Sludge|[from] move: Knock Off|[of] p2a: Crawdaunt
|
|upkeep
|turn|14
|
|move|p2a: Crawdaunt|Knock Off|p1a: Toxapex
|-damage|p1a: Toxapex|0 fnt
|faint|p1a: Toxapex
|
|upkeep
|
|switch|p1a: Hydreigon|Hydreigon, M|88/100
|-damage|p1a: Hydreigon|76/100|[from] Stealth Rock
|turn|15
|
|move|p1a: Hydreigon|U-turn|p2a: Crawdaunt
|-supereffective|p2a: Crawdaunt
|-crit|p2a: Crawdaunt
|-damage|p2a: Crawdaunt|28/100
|
|switch|p1a: Obstagoon|Obstagoon, M|94/100 brn|[from]move: U-turn
|-damage|p1a: Obstagoon|82/100 brn|[from] Stealth Rock
|move|p2a: Crawdaunt|Knock Off|p1a: Obstagoon
|-resisted|p1a: Obstagoon
|-damage|p1a: Obstagoon|29/100 brn
|-enditem|p1a: Obstagoon|Flame Orb|[from] move: Knock Off|[of] p2a: Crawdaunt
|
|-damage|p1a: Obstagoon|23/100 brn|[from] brn
|upkeep
|turn|16
|
|switch|p2a: Corviknight|Corviknight, F|79/100
|-ability|p2a: Corviknight|Pressure
|move|p1a: Obstagoon|Knock Off|p2a: Corviknight
|-damage|p2a: Corviknight|36/100
|-enditem|p2a: Corviknight|Leftovers|[from] move: Knock Off|[of] p1a: Obstagoon
|
|-damage|p1a: Obstagoon|17/100 brn|[from] brn
|upkeep
|turn|17
|
|move|p1a: Obstagoon|Close Combat|p2a: Corviknight
|-damage|p2a: Corviknight|0 fnt
|-unboost|p1a: Obstagoon|def|1
|-unboost|p1a: Obstagoon|spd|1
|faint|p2a: Corviknight
|
|-damage|p1a: Obstagoon|11/100 brn|[from] brn
|upkeep
|
|switch|p2a: Dragapult|Dragapult, M|100/100
|turn|18
|
|switch|p1a: Aegislash|Aegislash, F|100/100
|-damage|p1a: Aegislash|94/100|[from] Stealth Rock
|move|p2a: Dragapult|U-turn|p1a: Aegislash
|-resisted|p1a: Aegislash
|-damage|p1a: Aegislash|91/100
|
|switch|p2a: Cinderace|Cinderace, F|100/100|[from]move: U-turn
|
|upkeep
|turn|19
|
|switch|p1a: Hydreigon|Hydreigon, M|76/100
|-damage|p1a: Hydreigon|64/100|[from] Stealth Rock
|move|p2a: Cinderace|Pyro Ball|p1a: Hydreigon
|-resisted|p1a: Hydreigon
|-damage|p1a: Hydreigon|31/100
|
|upkeep
|turn|20
|
|move|p1a: Hydreigon|Draco Meteor|p2a: Cinderace
|-damage|p2a: Cinderace|5/100
|-unboost|p1a: Hydreigon|spa|2
|move|p2a: Cinderace|Pyro Ball|p1a: Hydreigon
|-resisted|p1a: Hydreigon
|-damage|p1a: Hydreigon|0 fnt
|faint|p1a: Hydreigon
|
|upkeep
|
|switch|p1a: Aegislash|Aegislash, F|91/100
|-damage|p1a: Aegislash|84/100|[from] Stealth Rock
|turn|21
|
|move|p2a: Cinderace|Sucker Punch|p1a: Aegislash
|-supereffective|p1a: Aegislash
|-damage|p1a: Aegislash|47/100
|-formechange|p1a: Aegislash|Aegislash-Blade||[from] ability: Stance Change
|move|p1a: Aegislash|Shadow Sneak|p2a: Cinderace
|-damage|p2a: Cinderace|0 fnt
|faint|p2a: Cinderace
|
|upkeep
|
|switch|p2a: Crawdaunt|Crawdaunt, M|28/100
|turn|22
|
|switch|p1a: Obstagoon|Obstagoon, M|11/100 brn
|-damage|p1a: Obstagoon|0 fnt|[from] Stealth Rock
|faint|p1a: Obstagoon
|move|p2a: Crawdaunt|Aqua Jet|p1: Obstagoon|[notarget]
|-fail|p2a: Crawdaunt
|
|upkeep
|
|switch|p1a: Rotom|Rotom-Wash|69/100 tox
|-damage|p1a: Rotom|57/100 tox|[from] Stealth Rock
|turn|23
|
|switch|p2a: Conkeldurr|Conkeldurr, F|13/100 brn
|move|p1a: Rotom|Dark Pulse|p2a: Conkeldurr
|-resisted|p2a: Conkeldurr
|-damage|p2a: Conkeldurr|0 fnt
|faint|p2a: Conkeldurr
|
|-damage|p1a: Rotom|51/100 tox|[from] psn
|upkeep
|
|switch|p2a: Dragapult|Dragapult, M|100/100
|turn|24
|
|move|p2a: Dragapult|Shadow Ball|p1a: Rotom
|-damage|p1a: Rotom|0 fnt
|faint|p1a: Rotom
|
|upkeep
|
|switch|p1a: Aegislash|Aegislash, F|47/100
|-damage|p1a: Aegislash|41/100|[from] Stealth Rock
|turn|25
|
|-formechange|p1a: Aegislash|Aegislash-Blade||[from] ability: Stance Change
|move|p1a: Aegislash|Shadow Sneak|p2a: Dragapult
|-supereffective|p2a: Dragapult
|-damage|p2a: Dragapult|36/100
|move|p2a: Dragapult|Shadow Ball|p1a: Aegislash
|-supereffective|p1a: Aegislash
|-damage|p1a: Aegislash|0 fnt
|faint|p1a: Aegislash
|
|win|ultraman silver
|l|☆Adanx64
|raw|Adanx64's rating: 1491 → 1473(-18 for losing)
|raw|ultraman silver's rating: 1534 → 1551(+17 for winning)
