|ScrapeTime|2020-01-02-15:56:38
|j|☆aqaqaqaQH
|j|☆le faux fifou
|player|p1|aqaqaqaQH|2|
|player|p2|le faux fifou|tuber|
|teamsize|p1|6
|teamsize|p2|6
|gametype|singles
|gen|8
|tier|[Gen 8] OU
|rule|Sleep Clause Mod: Limit one foe put to sleep
|rule|Species Clause: Limit one of each Pokémon
|rule|OHKO Clause: OHKO moves are banned
|rule|Evasion Moves Clause: Evasion moves are banned
|rule|Endless Battle Clause: Forcing endless battles is banned
|rule|HP Percentage Mod: HP is shown in percentages
|clearpoke
|poke|p1|Barraskewda, F|
|poke|p1|Dracovish|
|poke|p1|Pelipper, F|
|poke|p1|Drednaw, M|
|poke|p1|Corsola-Galar, M|
|poke|p1|Dragapult, F|
|poke|p2|Ferrothorn, F|
|poke|p2|Rhydon, M|
|poke|p2|Hatterene, F|
|poke|p2|Bronzong|
|poke|p2|Grimmsnarl, M|
|poke|p2|Corsola-Galar, M|
|rule|Dynamax Clause: You cannot dynamax
|teampreview
|inactive|Battle timer is ON: inactive players will automatically lose when time's up. (requested by aqaqaqaQH)
|
|start
|switch|p1a: Dépression.exe|Corsola-Galar, M|100/100
|switch|p2a: Hatterene|Hatterene, F, shiny|100/100
|turn|1
|
|move|p1a: Dépression.exe|Night Shade|p2a: Hatterene
|-damage|p2a: Hatterene|69/100
|move|p2a: Hatterene|Trick Room|p2a: Hatterene
|-fieldstart|move: Trick Room|[of] p2a: Hatterene
|
|upkeep
|turn|2
|
|switch|p2a: Ferrothorn|Ferrothorn, F, shiny|100/100
|move|p1a: Dépression.exe|Night Shade|p2a: Ferrothorn
|-damage|p2a: Ferrothorn|72/100
|
|upkeep
|turn|3
|
|switch|p2a: Hatterene|Hatterene, F, shiny|69/100
|move|p1a: Dépression.exe|Will-O-Wisp|p2a: Hatterene
|move|p2a: Hatterene|Will-O-Wisp|p1a: Dépression.exe|[from]Magic Bounce
|-status|p1a: Dépression.exe|brn
|
|-damage|p1a: Dépression.exe|94/100 brn|[from] brn
|upkeep
|turn|4
|c|☆aqaqaqaQH|nice
|c|☆le faux fifou|dab
|
|move|p2a: Hatterene|Psychic|p1a: Dépression.exe
|-damage|p1a: Dépression.exe|50/100 brn
|-start|p2a: Hatterene|Disable|Psychic|[from] ability: Cursed Body|[of] p1a: Dépression.exe
|-damage|p2a: Hatterene|59/100|[from] item: Life Orb
|move|p1a: Dépression.exe|Night Shade|p2a: Hatterene
|-damage|p2a: Hatterene|28/100
|
|-damage|p1a: Dépression.exe|44/100 brn|[from] brn
|upkeep
|turn|5
|c|☆aqaqaqaQH|dab
|
|move|p1a: Dépression.exe|Strength Sap|p2a: Hatterene
|move|p2a: Hatterene|Strength Sap|p1a: Dépression.exe|[from]Magic Bounce
|-unboost|p1a: Dépression.exe|atk|1
|-heal|p2a: Hatterene|69/100
|move|p2a: Hatterene|Trick Room|p2a: Hatterene
|-fieldend|move: Trick Room
|
|-damage|p1a: Dépression.exe|38/100 brn|[from] brn
|upkeep
|turn|6
|c|☆aqaqaqaQH|....
|c|☆le faux fifou|ty
|
|move|p1a: Dépression.exe|Night Shade|p2a: Hatterene
|-damage|p2a: Hatterene|38/100
|move|p2a: Hatterene|Trick Room|p2a: Hatterene
|-fieldstart|move: Trick Room|[of] p2a: Hatterene
|
|-damage|p1a: Dépression.exe|31/100 brn|[from] brn
|upkeep
|turn|7
|
|switch|p2a: Grimmsnarl|Grimmsnarl, M, shiny|100/100
|move|p1a: Dépression.exe|Night Shade|p2a: Grimmsnarl
|-damage|p2a: Grimmsnarl|70/100
|
|-damage|p1a: Dépression.exe|25/100 brn|[from] brn
|upkeep
|turn|8
|
|move|p2a: Grimmsnarl|Sucker Punch||[still]
|-fail|p2a: Grimmsnarl
|move|p1a: Dépression.exe|Will-O-Wisp|p2a: Grimmsnarl|[miss]
|-miss|p1a: Dépression.exe|p2a: Grimmsnarl
|
|-damage|p1a: Dépression.exe|19/100 brn|[from] brn
|upkeep
|turn|9
|c|☆aqaqaqaQH|HCDGVDZHVZD
|
|move|p1a: Dépression.exe|Strength Sap|p2a: Grimmsnarl
|-unboost|p2a: Grimmsnarl|atk|1
|-heal|p1a: Dépression.exe|100/100 brn
|move|p2a: Grimmsnarl|Darkest Lariat|p1a: Dépression.exe
|-supereffective|p1a: Dépression.exe
|-damage|p1a: Dépression.exe|66/100 brn
|-start|p2a: Grimmsnarl|Disable|Darkest Lariat|[from] ability: Cursed Body|[of] p1a: Dépression.exe
|-damage|p2a: Grimmsnarl|60/100|[from] item: Life Orb
|
|-damage|p1a: Dépression.exe|60/100 brn|[from] brn
|upkeep
|turn|10
|c|☆le faux fifou|haxx
|
|move|p2a: Grimmsnarl|Bulk Up|p2a: Grimmsnarl
|-boost|p2a: Grimmsnarl|atk|1
|-boost|p2a: Grimmsnarl|def|1
|move|p1a: Dépression.exe|Will-O-Wisp|p2a: Grimmsnarl|[miss]
|-miss|p1a: Dépression.exe|p2a: Grimmsnarl
|
|-damage|p1a: Dépression.exe|54/100 brn|[from] brn
|-fieldend|move: Trick Room
|upkeep
|turn|11
|c|☆aqaqaqaQH|Anti-Tache
|c|☆le faux fifou|xDDDDD
|c|☆aqaqaqaQH|xD
|c|☆le faux fifou|le haxx n'a pas joué
|
|switch|p2a: Hatterene|Hatterene, F, shiny|38/100
|move|p1a: Dépression.exe|Will-O-Wisp|p2a: Hatterene
|move|p2a: Hatterene|Will-O-Wisp|p1a: Dépression.exe|[from]Magic Bounce|[miss]
|-miss|p2a: Hatterene|p1a: Dépression.exe
|
|-damage|p1a: Dépression.exe|47/100 brn|[from] brn
|upkeep
|turn|12
|c|☆aqaqaqaQH|Anti-Tache fdp
|
|move|p1a: Dépression.exe|Night Shade|p2a: Hatterene
|-damage|p2a: Hatterene|6/100
|move|p2a: Hatterene|Trick Room|p2a: Hatterene
|-fieldstart|move: Trick Room|[of] p2a: Hatterene
|
|-damage|p1a: Dépression.exe|41/100 brn|[from] brn
|upkeep
|turn|13
|c|☆aqaqaqaQH|Ta vie est sponso par le Haxx
|
|move|p2a: Hatterene|Psychic|p1a: Dépression.exe
|-damage|p1a: Dépression.exe|0 fnt
|-start|p2a: Hatterene|Disable|Psychic|[from] ability: Cursed Body|[of] p1a: Dépression.exe
|-damage|p2a: Hatterene|0 fnt|[from] item: Life Orb
|faint|p1a: Dépression.exe
|faint|p2a: Hatterene
|
|upkeep
|c|☆le faux fifou|c la premiere fois que sa fait sa
|
|switch|p2a: Grimmsnarl|Grimmsnarl, M, shiny|60/100
|switch|p1a: La Bretagne|Pelipper, F, shiny|100/100
|-weather|RainDance|[from] ability: Drizzle|[of] p1a: La Bretagne
|turn|14
|c|☆aqaqaqaQH|hmm
|
|move|p2a: Grimmsnarl|Bulk Up|p2a: Grimmsnarl
|-boost|p2a: Grimmsnarl|atk|1
|-boost|p2a: Grimmsnarl|def|1
|move|p1a: La Bretagne|Scald|p2a: Grimmsnarl
|-damage|p2a: Grimmsnarl|6/100
|
|-weather|RainDance|[upkeep]
|upkeep
|turn|15
|
|move|p2a: Grimmsnarl|Sucker Punch|p1a: La Bretagne
|-damage|p1a: La Bretagne|47/100
|-damage|p2a: Grimmsnarl|0 fnt|[from] item: Life Orb
|faint|p2a: Grimmsnarl
|move|p1a: La Bretagne|Scald|p2: Grimmsnarl|[notarget]
|-fail|p1a: La Bretagne
|
|-weather|RainDance|[upkeep]
|upkeep
|
|switch|p2a: Ferrothorn|Ferrothorn, F, shiny|72/100
|turn|16
|
|move|p2a: Ferrothorn|Power Whip|p1a: La Bretagne
|-damage|p1a: La Bretagne|0 fnt
|faint|p1a: La Bretagne
|
|-weather|RainDance|[upkeep]
|-fieldend|move: Trick Room
|upkeep
|
|switch|p1a: I OS u|Dracovish|100/100
|turn|17
|
|move|p1a: I OS u|Fishious Rend|p2a: Ferrothorn
|-resisted|p2a: Ferrothorn
|-damage|p2a: Ferrothorn|11/100
|-damage|p1a: I OS u|88/100|[from] ability: Iron Barbs|[of] p2a: Ferrothorn
|move|p2a: Ferrothorn|Power Whip|p1a: I OS u
|-damage|p1a: I OS u|0 fnt
|faint|p1a: I OS u
|
|-weather|RainDance|[upkeep]
|upkeep
|c|☆aqaqaqaQH|mais wtf
|
|switch|p1a: 2 fast for no u|Barraskewda, F|100/100
|turn|18
|c|☆le faux fifou|joue band tu m'aurais kill la
|c|☆aqaqaqaQH|ouai
|
|move|p1a: 2 fast for no u|Liquidation|p2a: Ferrothorn
|-resisted|p2a: Ferrothorn
|-damage|p2a: Ferrothorn|0 fnt
|-damage|p1a: 2 fast for no u|88/100|[from] ability: Iron Barbs|[of] p2a: Ferrothorn
|faint|p2a: Ferrothorn
|
|-weather|RainDance|[upkeep]
|upkeep
|
|switch|p2a: Corsola|Corsola-Galar, M, shiny|100/100
|turn|19
|c|☆aqaqaqaQH|je voulais le faire mais j'avais oublié d'enlever le scraf
|
|switch|p1a: Dragapult|Dragapult, F|100/100
|move|p2a: Corsola|Will-O-Wisp|p1a: Dragapult
|-status|p1a: Dragapult|brn
|
|-weather|RainDance|[upkeep]
|-damage|p1a: Dragapult|95/100 brn|[from] brn
|upkeep
|turn|20
|
|move|p1a: Dragapult|Shadow Ball|p2a: Corsola
|-supereffective|p2a: Corsola
|-damage|p2a: Corsola|30/100
|move|p2a: Corsola|Stealth Rock|p1a: Dragapult
|-sidestart|p1: aqaqaqaQH|move: Stealth Rock
|
|-weather|RainDance|[upkeep]
|-damage|p1a: Dragapult|89/100 brn|[from] brn
|upkeep
|turn|21
|
|move|p1a: Dragapult|Shadow Ball|p2a: Corsola
|-supereffective|p2a: Corsola
|-damage|p2a: Corsola|0 fnt
|-start|p1a: Dragapult|Disable|Shadow Ball|[from] ability: Cursed Body|[of] p2a: Corsola
|faint|p2a: Corsola
|
|-weather|none
|-damage|p1a: Dragapult|83/100 brn|[from] brn
|upkeep
|
|switch|p2a: Rhydon|Rhydon, M, shiny|100/100
|turn|22
|c|☆aqaqaqaQH|c'est vraiment le meilleur moment pour mettre les sr
|
|switch|p1a: Drednaw|Drednaw, M|100/100
|-damage|p1a: Drednaw|88/100|[from] Stealth Rock
|move|p2a: Rhydon|Ice Punch|p1a: Drednaw
|-resisted|p1a: Drednaw
|-damage|p1a: Drednaw|72/100
|-status|p1a: Drednaw|frz
|
|upkeep
|turn|23
|c|☆aqaqaqaQH|MAIS PUTAIN
|c|☆le faux fifou|nooooooooooooon
|c|☆le faux fifou|att
|
|switch|p2a: Bronzong|Bronzong|100/100
|cant|p1a: Drednaw|frz
|
|upkeep
|turn|24
|c|☆aqaqaqaQH|tu te fous de ma gueule
|
|move|p2a: Bronzong|Protect|p2a: Bronzong
|-singleturn|p2a: Bronzong|Protect
|cant|p1a: Drednaw|frz
|
|upkeep
|turn|25
|c|☆aqaqaqaQH|jpp
|c|☆le faux fifou|je te laisse te défroz
|
|move|p2a: Bronzong|Protect||[still]
|-fail|p2a: Bronzong
|cant|p1a: Drednaw|frz
|
|upkeep
|turn|26
|
|move|p2a: Bronzong|Protect|p2a: Bronzong
|-singleturn|p2a: Bronzong|Protect
|cant|p1a: Drednaw|frz
|
|upkeep
|turn|27
|c|☆aqaqaqaQH|20%
|c|☆le faux fifou|mais wtf
|c|☆aqaqaqaQH|merci la vue
|c|☆aqaqaqaQH|vie
|
|move|p2a: Bronzong|Protect||[still]
|-fail|p2a: Bronzong
|cant|p1a: Drednaw|frz
|
|upkeep
|turn|28
|c|☆le faux fifou|j'crois que vie ta dit que tu pouvais te suicider xD
|
|move|p2a: Bronzong|Protect|p2a: Bronzong
|-singleturn|p2a: Bronzong|Protect
|cant|p1a: Drednaw|frz
|
|upkeep
|turn|29
|
|move|p2a: Bronzong|Protect|p2a: Bronzong
|-singleturn|p2a: Bronzong|Protect
|cant|p1a: Drednaw|frz
|
|upkeep
|turn|30
|c|☆aqaqaqaQH|xD
|c|☆aqaqaqaQH|jpp
|
|move|p2a: Bronzong|Protect||[still]
|-fail|p2a: Bronzong
|cant|p1a: Drednaw|frz
|
|upkeep
|turn|31
|c|☆le faux fifou|40 tour de freeze plutard
|
|move|p2a: Bronzong|Protect|p2a: Bronzong
|-singleturn|p2a: Bronzong|Protect
|cant|p1a: Drednaw|frz
|
|upkeep
|turn|32
|c|☆aqaqaqaQH|je suis freeze depuis combien de temps ? x)
|c|☆le faux fifou|9 tour
|c|☆aqaqaqaQH|depuis le tour 23 jpp
|
|move|p2a: Bronzong|Protect||[still]
|-fail|p2a: Bronzong
|cant|p1a: Drednaw|frz
|
|upkeep
|turn|33
|
|move|p2a: Bronzong|Protect|p2a: Bronzong
|-singleturn|p2a: Bronzong|Protect
|cant|p1a: Drednaw|frz
|
|upkeep
|turn|34
|c|☆le faux fifou|xd
|
|move|p2a: Bronzong|Protect|p2a: Bronzong
|-singleturn|p2a: Bronzong|Protect
|cant|p1a: Drednaw|frz
|
|upkeep
|turn|35
|c|☆aqaqaqaQH|t'as 5 abri
|c|☆aqaqaqaQH|x)
|c|☆le faux fifou|xD
|
|move|p2a: Bronzong|Protect||[still]
|-fail|p2a: Bronzong
|-curestatus|p1a: Drednaw|frz|[msg]
|move|p1a: Drednaw|Swords Dance|p1a: Drednaw
|-boost|p1a: Drednaw|atk|2
|
|upkeep
|turn|36
|c|☆aqaqaqaQH|ez
|c|☆le faux fifou|XD
|c|☆le faux fifou|ouf
|c|☆aqaqaqaQH|le truc que je voulais faire depuis 30 tours XD
|
|move|p1a: Drednaw|Liquidation|p2a: Bronzong
|-damage|p2a: Bronzong|20/100
|-damage|p1a: Drednaw|62/100|[from] item: Life Orb
|move|p2a: Bronzong|Trick Room|p2a: Bronzong
|-fieldstart|move: Trick Room|[of] p2a: Bronzong
|
|upkeep
|turn|37
|
|move|p2a: Bronzong|Body Press|p1a: Drednaw
|-supereffective|p1a: Drednaw
|-damage|p1a: Drednaw|0 fnt
|faint|p1a: Drednaw
|
|upkeep
|
|switch|p1a: Dragapult|Dragapult, F|83/100 brn
|-damage|p1a: Dragapult|70/100 brn|[from] Stealth Rock
|turn|38
|
|move|p2a: Bronzong|Gyro Ball|p1a: Dragapult
|-damage|p1a: Dragapult|10/100 brn
|move|p1a: Dragapult|Shadow Ball|p2a: Bronzong
|-supereffective|p2a: Bronzong
|-damage|p2a: Bronzong|0 fnt
|faint|p2a: Bronzong
|
|-damage|p1a: Dragapult|4/100 brn|[from] brn
|upkeep
|
|switch|p2a: Rhydon|Rhydon, M, shiny|100/100
|turn|39
|
|move|p2a: Rhydon|Earthquake|p1a: Dragapult
|-damage|p1a: Dragapult|0 fnt
|faint|p1a: Dragapult
|
|upkeep
|
|switch|p1a: 2 fast for no u|Barraskewda, F|88/100
|-damage|p1a: 2 fast for no u|76/100|[from] Stealth Rock
|turn|40
|c|☆aqaqaqaQH|Aqua Jet one shot ?
|c|☆le faux fifou|le haxx n'as pas joué
|c|☆le faux fifou|non j'ai eviolate
|inactive|aqaqaqaQH has 270 seconds left.
|c|☆le faux fifou|eviolite
|inactive|aqaqaqaQH has 240 seconds left.
|
|move|p2a: Rhydon|Earthquake|p1a: 2 fast for no u
|-damage|p1a: 2 fast for no u|0 fnt
|faint|p1a: 2 fast for no u
|
|win|le faux fifou
|c|☆le faux fifou|gg le haxx n'as pas joué
|c|☆aqaqaqaQH|c'est éclaté Barraskewda putain
|l|☆aqaqaqaQH
|c|☆le faux fifou|y avait la trick logique
