|ScrapeTime|2020-01-01-05:55:20
|j|☆Mcfetish
|j|☆meowimacow
|player|p1|Mcfetish|giovanni|1194
|player|p2|meowimacow|109|1237
|teamsize|p1|6
|teamsize|p2|6
|gametype|singles
|gen|8
|tier|[Gen 8] OU
|rated|
|rule|Sleep Clause Mod: Limit one foe put to sleep
|rule|Species Clause: Limit one of each Pokémon
|rule|OHKO Clause: OHKO moves are banned
|rule|Evasion Moves Clause: Evasion moves are banned
|rule|Endless Battle Clause: Forcing endless battles is banned
|rule|HP Percentage Mod: HP is shown in percentages
|clearpoke
|poke|p1|Durant, M|
|poke|p1|Grimmsnarl, M|
|poke|p1|Rotom-Heat|
|poke|p1|Conkeldurr, F|
|poke|p1|Corsola-Galar, M|
|poke|p1|Dragapult, M|
|poke|p2|Toxapex, M|
|poke|p2|Toxtricity, M|
|poke|p2|Hydreigon, F|
|poke|p2|Corviknight, M|
|poke|p2|Clefable, M|
|poke|p2|Conkeldurr, F|
|rule|Dynamax Clause: You cannot dynamax
|teampreview
|
|start
|switch|p1a: Rotom|Rotom-Heat|100/100
|switch|p2a: Hydreigon|Hydreigon, F|100/100
|turn|1
|
|move|p2a: Hydreigon|Draco Meteor|p1a: Rotom
|-damage|p1a: Rotom|33/100
|-unboost|p2a: Hydreigon|spa|2
|move|p1a: Rotom|Volt Switch|p2a: Hydreigon
|-resisted|p2a: Hydreigon
|-damage|p2a: Hydreigon|87/100
|
|switch|p1a: Grimmsnarl|Grimmsnarl, M|100/100|[from]move: Volt Switch
|
|upkeep
|turn|2
|
|switch|p2a: Conkeldurr|Conkeldurr, F|100/100
|move|p1a: Grimmsnarl|Spirit Break|p2a: Conkeldurr
|-supereffective|p2a: Conkeldurr
|-damage|p2a: Conkeldurr|36/100
|-unboost|p2a: Conkeldurr|spa|1
|
|-status|p2a: Conkeldurr|brn|[from] item: Flame Orb
|upkeep
|turn|3
|
|move|p2a: Conkeldurr|Close Combat|p1a: Grimmsnarl
|-damage|p1a: Grimmsnarl|6/100
|-unboost|p2a: Conkeldurr|def|1
|-unboost|p2a: Conkeldurr|spd|1
|move|p1a: Grimmsnarl|Spirit Break|p2a: Conkeldurr
|-supereffective|p2a: Conkeldurr
|-damage|p2a: Conkeldurr|0 fnt
|faint|p2a: Conkeldurr
|
|-heal|p1a: Grimmsnarl|12/100|[from] item: Leftovers
|upkeep
|
|switch|p2a: Toxtricity|Toxtricity, M|100/100
|turn|4
|inactive|Battle timer is ON: inactive players will automatically lose when time's up. (requested by Mcfetish)
|
|move|p2a: Toxtricity|Volt Switch|p1a: Grimmsnarl
|-damage|p1a: Grimmsnarl|0 fnt
|faint|p1a: Grimmsnarl
|
|switch|p2a: Hydreigon|Hydreigon, F|87/100|[from]move: Volt Switch
|
|upkeep
|
|switch|p1a: Durant|Durant, M|100/100
|turn|5
|
|move|p1a: Durant|First Impression|p2a: Hydreigon
|-supereffective|p2a: Hydreigon
|-damage|p2a: Hydreigon|0 fnt
|-damage|p1a: Durant|91/100|[from] item: Life Orb
|faint|p2a: Hydreigon
|
|upkeep
|
|switch|p2a: Toxtricity|Toxtricity, M|100/100
|turn|6
|
|move|p1a: Durant|Stomping Tantrum|p2a: Toxtricity
|-supereffective|p2a: Toxtricity
|-damage|p2a: Toxtricity|0 fnt
|-damage|p1a: Durant|81/100|[from] item: Life Orb
|faint|p2a: Toxtricity
|
|upkeep
|-message|meowimacow forfeited.
|
|win|Mcfetish
|l|☆meowimacow
|raw|Mcfetish's rating: 1194 → 1222(+28 for winning)
|raw|meowimacow's rating: 1237 → 1209(-28 for losing)
