|ScrapeTime|2020-01-01-05:54:57
|j|☆bombbob12345
|j|☆Hythei
|player|p1|bombbob12345|170|1077
|player|p2|Hythei|collector|1045
|teamsize|p1|6
|teamsize|p2|6
|gametype|singles
|gen|8
|tier|[Gen 8] OU
|rated|
|rule|Sleep Clause Mod: Limit one foe put to sleep
|rule|Species Clause: Limit one of each Pokémon
|rule|OHKO Clause: OHKO moves are banned
|rule|Evasion Moves Clause: Evasion moves are banned
|rule|Endless Battle Clause: Forcing endless battles is banned
|rule|HP Percentage Mod: HP is shown in percentages
|clearpoke
|poke|p1|Dragapult, F|
|poke|p1|Excadrill, F|
|poke|p1|Cinderace, F|
|poke|p1|Mimikyu, M|
|poke|p1|Falinks|
|poke|p1|Seismitoad, M|
|poke|p2|Corsola-Galar, F|
|poke|p2|Mantine, F|
|poke|p2|Dracovish|
|poke|p2|Excadrill, M|
|poke|p2|Dragapult, M|
|poke|p2|Drednaw, M|
|rule|Dynamax Clause: You cannot dynamax
|teampreview
|
|start
|switch|p1a: Seismitoad|Seismitoad, M|100/100
|switch|p2a: Corsola|Corsola-Galar, F|100/100
|turn|1
|
|move|p1a: Seismitoad|Earthquake|p2a: Corsola
|-damage|p2a: Corsola|84/100
|-start|p1a: Seismitoad|Disable|Earthquake|[from] ability: Cursed Body|[of] p2a: Corsola
|move|p2a: Corsola|Stealth Rock|p1a: Seismitoad
|-sidestart|p1: bombbob12345|move: Stealth Rock
|
|upkeep
|turn|2
|
|move|p1a: Seismitoad|Stealth Rock|p2a: Corsola
|-sidestart|p2: Hythei|move: Stealth Rock
|move|p2a: Corsola|Will-O-Wisp|p1a: Seismitoad
|-status|p1a: Seismitoad|brn
|
|-damage|p1a: Seismitoad|94/100 brn|[from] brn
|upkeep
|turn|3
|
|move|p1a: Seismitoad|Scald|p2a: Corsola
|-damage|p2a: Corsola|68/100
|-status|p2a: Corsola|brn
|move|p2a: Corsola|Night Shade|p1a: Seismitoad
|-damage|p1a: Seismitoad|70/100 brn
|
|-heal|p1a: Seismitoad|76/100 brn|[from] item: Leftovers
|-damage|p1a: Seismitoad|70/100 brn|[from] brn
|-damage|p2a: Corsola|62/100 brn|[from] brn
|upkeep
|turn|4
|
|switch|p1a: Mimikyu|Mimikyu, M|100/100
|-damage|p1a: Mimikyu|88/100|[from] Stealth Rock
|move|p2a: Corsola|Strength Sap|p1a: Mimikyu
|-unboost|p1a: Mimikyu|atk|1
|-heal|p2a: Corsola|100/100 brn
|
|-damage|p2a: Corsola|94/100 brn|[from] brn
|upkeep
|turn|5
|
|switch|p2a: Excadrill|Excadrill, M, shiny|100/100
|-damage|p2a: Excadrill|97/100|[from] Stealth Rock
|-ability|p2a: Excadrill|Mold Breaker
|move|p1a: Mimikyu|Swords Dance|p1a: Mimikyu
|-boost|p1a: Mimikyu|atk|2
|
|upkeep
|turn|6
|
|switch|p1a: Seismitoad|Seismitoad, M|70/100 brn
|-damage|p1a: Seismitoad|64/100 brn|[from] Stealth Rock
|move|p2a: Excadrill|Iron Head|p1a: Seismitoad
|-resisted|p1a: Seismitoad
|-damage|p1a: Seismitoad|48/100 brn
|
|-heal|p1a: Seismitoad|54/100 brn|[from] item: Leftovers
|-damage|p1a: Seismitoad|48/100 brn|[from] brn
|upkeep
|turn|7
|
|switch|p2a: Corsola|Corsola-Galar, F|94/100 brn
|-damage|p2a: Corsola|82/100 brn|[from] Stealth Rock
|move|p1a: Seismitoad|Scald|p2a: Corsola
|-damage|p2a: Corsola|67/100 brn
|-start|p1a: Seismitoad|Disable|Scald|[from] ability: Cursed Body|[of] p2a: Corsola
|
|-heal|p1a: Seismitoad|54/100 brn|[from] item: Leftovers
|-damage|p1a: Seismitoad|48/100 brn|[from] brn
|-damage|p2a: Corsola|61/100 brn|[from] brn
|upkeep
|turn|8
|
|switch|p1a: Dragapult|Dragapult, F|100/100
|-damage|p1a: Dragapult|88/100|[from] Stealth Rock
|move|p2a: Corsola|Strength Sap|p1a: Dragapult
|-fail|p1a: Dragapult|unboost|[from] ability: Clear Body|[of] p1a: Dragapult
|-heal|p2a: Corsola|100/100 brn
|
|-damage|p2a: Corsola|94/100 brn|[from] brn
|upkeep
|turn|9
|
|switch|p2a: Mantine|Mantine, F, shiny|100/100
|-damage|p2a: Mantine|76/100|[from] Stealth Rock
|move|p1a: Dragapult|Flamethrower|p2a: Mantine
|-resisted|p2a: Mantine
|-damage|p2a: Mantine|60/100
|-status|p2a: Mantine|brn
|
|-damage|p2a: Mantine|54/100 brn|[from] brn
|upkeep
|turn|10
|
|switch|p1a: Excadrill|Excadrill, F|100/100
|-damage|p1a: Excadrill|97/100|[from] Stealth Rock
|-ability|p1a: Excadrill|Mold Breaker
|move|p2a: Mantine|Ice Beam|p1a: Excadrill
|-damage|p1a: Excadrill|55/100
|-damage|p2a: Mantine|44/100 brn|[from] item: Life Orb
|
|-damage|p2a: Mantine|38/100 brn|[from] brn
|upkeep
|turn|11
|
|switch|p2a: Corsola|Corsola-Galar, F|94/100 brn
|-damage|p2a: Corsola|82/100 brn|[from] Stealth Rock
|move|p1a: Excadrill|Rapid Spin|p2a: Corsola
|-immune|p2a: Corsola
|
|-damage|p2a: Corsola|76/100 brn|[from] brn
|upkeep
|turn|12
|
|switch|p1a: Dragapult|Dragapult, F|88/100
|-damage|p1a: Dragapult|76/100|[from] Stealth Rock
|move|p2a: Corsola|Strength Sap|p1a: Dragapult
|-fail|p1a: Dragapult|unboost|[from] ability: Clear Body|[of] p1a: Dragapult
|-heal|p2a: Corsola|100/100 brn
|
|-damage|p2a: Corsola|94/100 brn|[from] brn
|upkeep
|turn|13
|
|switch|p2a: Dragapult|Dragapult, M|100/100
|-damage|p2a: Dragapult|88/100|[from] Stealth Rock
|move|p1a: Dragapult|Flamethrower|p2a: Dragapult
|-resisted|p2a: Dragapult
|-damage|p2a: Dragapult|63/100
|
|upkeep
|turn|14
|
|switch|p1a: Excadrill|Excadrill, F|55/100
|-damage|p1a: Excadrill|51/100|[from] Stealth Rock
|-ability|p1a: Excadrill|Mold Breaker
|move|p2a: Dragapult|Dragon Darts|p1a: Excadrill
|-resisted|p1a: Excadrill
|-damage|p1a: Excadrill|25/100
|-enditem|p1a: Excadrill|Iapapa Berry|[eat]
|-heal|p1a: Excadrill|58/100|[from] item: Iapapa Berry
|-resisted|p1a: Excadrill
|-damage|p1a: Excadrill|32/100
|-hitcount|p1a: Excadrill|2
|
|upkeep
|turn|15
|
|move|p2a: Dragapult|Dragon Darts|p1a: Excadrill
|-resisted|p1a: Excadrill
|-damage|p1a: Excadrill|5/100
|-resisted|p1a: Excadrill
|-crit|p1a: Excadrill
|-damage|p1a: Excadrill|0 fnt
|-hitcount|p1a: Excadrill|2
|faint|p1a: Excadrill
|
|upkeep
|
|switch|p1a: Mimikyu|Mimikyu, M|88/100
|-damage|p1a: Mimikyu|76/100|[from] Stealth Rock
|turn|16
|
|switch|p2a: Corsola|Corsola-Galar, F|94/100 brn
|-damage|p2a: Corsola|82/100 brn|[from] Stealth Rock
|move|p1a: Mimikyu|Swords Dance|p1a: Mimikyu
|-boost|p1a: Mimikyu|atk|2
|
|-damage|p2a: Corsola|76/100 brn|[from] brn
|upkeep
|turn|17
|
|move|p1a: Mimikyu|Shadow Claw|p2a: Corsola
|-supereffective|p2a: Corsola
|-damage|p2a: Corsola|0 fnt
|-damage|p1a: Mimikyu|66/100|[from] item: Life Orb
|faint|p2a: Corsola
|
|upkeep
|
|switch|p2a: Dragapult|Dragapult, M|63/100
|-damage|p2a: Dragapult|50/100|[from] Stealth Rock
|turn|18
|
|move|p1a: Mimikyu|Shadow Sneak|p2a: Dragapult
|-supereffective|p2a: Dragapult
|-damage|p2a: Dragapult|0 fnt
|-damage|p1a: Mimikyu|56/100|[from] item: Life Orb
|faint|p2a: Dragapult
|
|upkeep
|
|switch|p2a: Excadrill|Excadrill, M, shiny|97/100
|-damage|p2a: Excadrill|94/100|[from] Stealth Rock
|-ability|p2a: Excadrill|Mold Breaker
|turn|19
|
|move|p1a: Mimikyu|Shadow Claw|p2a: Excadrill
|-damage|p2a: Excadrill|0 fnt
|-damage|p1a: Mimikyu|46/100|[from] item: Life Orb
|faint|p2a: Excadrill
|
|upkeep
|
|switch|p2a: Drednaw|Drednaw, M|100/100
|-damage|p2a: Drednaw|88/100|[from] Stealth Rock
|turn|20
|
|move|p1a: Mimikyu|Play Rough|p2a: Drednaw
|-damage|p2a: Drednaw|0 fnt
|-damage|p1a: Mimikyu|36/100|[from] item: Life Orb
|faint|p2a: Drednaw
|
|upkeep
|
|switch|p2a: Dracovish|Dracovish|100/100
|-damage|p2a: Dracovish|88/100|[from] Stealth Rock
|turn|21
|
|move|p1a: Mimikyu|Play Rough|p2a: Dracovish
|-supereffective|p2a: Dracovish
|-damage|p2a: Dracovish|0 fnt
|-damage|p1a: Mimikyu|26/100|[from] item: Life Orb
|faint|p2a: Dracovish
|
|upkeep
|
|switch|p2a: Mantine|Mantine, F, shiny|38/100 brn
|-damage|p2a: Mantine|13/100 brn|[from] Stealth Rock
|turn|22
|
|move|p1a: Mimikyu|Shadow Sneak|p2a: Mantine
|-damage|p2a: Mantine|0 fnt
|-damage|p1a: Mimikyu|16/100|[from] item: Life Orb
|faint|p2a: Mantine
|
|win|bombbob12345
|raw|bombbob12345's rating: 1077 → 1103(+26 for winning)
|raw|Hythei's rating: 1045 → 1030(-15 for losing)
|l|☆Hythei
