|ScrapeTime|2020-01-02-10:15:00
|j|☆Qontent
|j|☆An0nyma
|player|p1|Qontent|proton|1281
|player|p2|An0nyma|137|1246
|teamsize|p1|6
|teamsize|p2|6
|gametype|singles
|gen|8
|tier|[Gen 8] OU
|rated|
|rule|Sleep Clause Mod: Limit one foe put to sleep
|rule|Species Clause: Limit one of each Pokémon
|rule|OHKO Clause: OHKO moves are banned
|rule|Evasion Moves Clause: Evasion moves are banned
|rule|Endless Battle Clause: Forcing endless battles is banned
|rule|HP Percentage Mod: HP is shown in percentages
|clearpoke
|poke|p1|Clefable, M|
|poke|p1|Corviknight, F|
|poke|p1|Tyranitar, F|
|poke|p1|Rotom-Wash|
|poke|p1|Excadrill, F|
|poke|p1|Dragapult, M|
|poke|p2|Grimmsnarl, M|
|poke|p2|Dragapult, M|
|poke|p2|Kommo-o, M|
|poke|p2|Aegislash, M|
|poke|p2|Cinderace, F|
|poke|p2|Toxtricity, M|
|rule|Dynamax Clause: You cannot dynamax
|teampreview
|inactive|Battle timer is ON: inactive players will automatically lose when time's up. (requested by An0nyma)
|
|start
|switch|p1a: Dragapult|Dragapult, M|100/100
|switch|p2a: Toxtricity|Toxtricity, M|100/100
|turn|1
|
|move|p1a: Dragapult|U-turn|p2a: Toxtricity
|-resisted|p2a: Toxtricity
|-damage|p2a: Toxtricity|71/100
|
|switch|p1a: Excadrill|Excadrill, F|100/100|[from]move: U-turn
|move|p2a: Toxtricity|Volt Switch|p1a: Excadrill
|-immune|p1a: Excadrill
|
|upkeep
|turn|2
|
|switch|p2a: Grimmsnarl|Grimmsnarl, M|100/100
|move|p1a: Excadrill|Earthquake|p2a: Grimmsnarl
|-damage|p2a: Grimmsnarl|32/100
|
|upkeep
|turn|3
|
|move|p2a: Grimmsnarl|Reflect|p2a: Grimmsnarl
|-sidestart|p2: An0nyma|Reflect
|move|p1a: Excadrill|Iron Head|p2a: Grimmsnarl
|-supereffective|p2a: Grimmsnarl
|-damage|p2a: Grimmsnarl|0 fnt
|faint|p2a: Grimmsnarl
|
|upkeep
|
|switch|p2a: Kommo-o|Kommo-o, M|100/100
|turn|4
|
|switch|p1a: Clefable|Clefable, M|100/100
|move|p2a: Kommo-o|Clangorous Soul|p2a: Kommo-o
|-boost|p2a: Kommo-o|atk|1
|-boost|p2a: Kommo-o|def|1
|-boost|p2a: Kommo-o|spa|1
|-boost|p2a: Kommo-o|spd|1
|-boost|p2a: Kommo-o|spe|1
|-damage|p2a: Kommo-o|67/100
|-enditem|p2a: Kommo-o|Throat Spray
|-boost|p2a: Kommo-o|spa|1
|
|upkeep
|turn|5
|
|move|p2a: Kommo-o|Flash Cannon|p1a: Clefable
|-supereffective|p1a: Clefable
|-damage|p1a: Clefable|7/100
|move|p1a: Clefable|Moonblast|p2a: Kommo-o
|-supereffective|p2a: Kommo-o
|-damage|p2a: Kommo-o|0 fnt
|faint|p2a: Kommo-o
|
|upkeep
|
|switch|p2a: Cinderace|Cinderace, F|100/100
|turn|6
|
|switch|p1a: Rotom|Rotom-Wash|100/100
|move|p2a: Cinderace|Pyro Ball|p1a: Rotom
|-resisted|p1a: Rotom
|-damage|p1a: Rotom|72/100
|
|upkeep
|turn|7
|
|move|p1a: Rotom|Volt Switch|p2a: Cinderace
|-damage|p2a: Cinderace|59/100
|
|switch|p1a: Dragapult|Dragapult, M|100/100|[from]move: Volt Switch
|move|p2a: Cinderace|High Jump Kick|p1a: Dragapult
|-immune|p1a: Dragapult
|-damage|p2a: Cinderace|9/100|[from] highjumpkick
|
|upkeep
|turn|8
|-message|An0nyma forfeited.
|
|win|Qontent
|l|☆An0nyma
|raw|Qontent's rating: 1282 → 1304(+22 for winning)
|raw|An0nyma's rating: 1246 → 1224(-22 for losing)
