|ScrapeTime|2020-01-02-23:21:51
|j|☆duglfugl
|j|☆dingusdingus
|player|p1|duglfugl|51|1197
|player|p2|dingusdingus|tuber|1194
|teamsize|p1|6
|teamsize|p2|6
|gametype|singles
|gen|8
|tier|[Gen 8] OU
|rated|
|rule|Sleep Clause Mod: Limit one foe put to sleep
|rule|Species Clause: Limit one of each Pokémon
|rule|OHKO Clause: OHKO moves are banned
|rule|Evasion Moves Clause: Evasion moves are banned
|rule|Endless Battle Clause: Forcing endless battles is banned
|rule|HP Percentage Mod: HP is shown in percentages
|clearpoke
|poke|p1|Gyarados, M|
|poke|p1|Cinderace, F|
|poke|p1|Grimmsnarl, M|
|poke|p1|Excadrill, M|
|poke|p1|Dragapult, M|
|poke|p1|Ditto|
|poke|p2|Grimmsnarl, M|
|poke|p2|Gengar, F|
|poke|p2|Ferrothorn, F|
|poke|p2|Quagsire, M|
|poke|p2|Dugtrio, M|
|poke|p2|Rotom-Heat|
|rule|Dynamax Clause: You cannot dynamax
|teampreview
|
|start
|switch|p1a: Grimmsnarl|Grimmsnarl, M|100/100
|switch|p2a: Quagsire|Quagsire, M|100/100
|turn|1
|inactive|Battle timer is ON: inactive players will automatically lose when time's up. (requested by dingusdingus)
|
|move|p1a: Grimmsnarl|Taunt|p2a: Quagsire
|-start|p2a: Quagsire|move: Taunt
|move|p2a: Quagsire|Scald|p1a: Grimmsnarl
|-damage|p1a: Grimmsnarl|77/100
|
|upkeep
|turn|2
|
|move|p1a: Grimmsnarl|Light Screen|p1a: Grimmsnarl
|-sidestart|p1: duglfugl|move: Light Screen
|move|p2a: Quagsire|Scald|p1a: Grimmsnarl
|-damage|p1a: Grimmsnarl|64/100
|
|upkeep
|turn|3
|
|move|p1a: Grimmsnarl|Reflect|p1a: Grimmsnarl
|-sidestart|p1: duglfugl|Reflect
|move|p2a: Quagsire|Scald|p1a: Grimmsnarl
|-damage|p1a: Grimmsnarl|53/100
|-status|p1a: Grimmsnarl|brn
|
|-damage|p1a: Grimmsnarl|47/100 brn|[from] brn
|-end|p2a: Quagsire|move: Taunt
|upkeep
|turn|4
|
|switch|p1a: Gyarados|Gyarados, M|100/100
|move|p2a: Quagsire|Earthquake|p1a: Gyarados
|-immune|p1a: Gyarados
|
|upkeep
|turn|5
|
|move|p1a: Gyarados|Substitute|p1a: Gyarados
|-start|p1a: Gyarados|Substitute
|-damage|p1a: Gyarados|76/100
|move|p2a: Quagsire|Scald|p1a: Gyarados
|-resisted|p1a: Gyarados
|-activate|p1a: Gyarados|move: Substitute|[damage]
|
|-heal|p1a: Gyarados|82/100|[from] item: Leftovers
|upkeep
|turn|6
|
|move|p1a: Gyarados|Dragon Dance|p1a: Gyarados
|-boost|p1a: Gyarados|atk|1
|-boost|p1a: Gyarados|spe|1
|move|p2a: Quagsire|Scald|p1a: Gyarados
|-resisted|p1a: Gyarados
|-activate|p1a: Gyarados|move: Substitute|[damage]
|
|-heal|p1a: Gyarados|88/100|[from] item: Leftovers
|upkeep
|turn|7
|
|move|p1a: Gyarados|Dragon Dance|p1a: Gyarados
|-boost|p1a: Gyarados|atk|1
|-boost|p1a: Gyarados|spe|1
|move|p2a: Quagsire|Scald|p1a: Gyarados
|-resisted|p1a: Gyarados
|-activate|p1a: Gyarados|move: Substitute|[damage]
|
|-heal|p1a: Gyarados|94/100|[from] item: Leftovers
|upkeep
|turn|8
|
|move|p1a: Gyarados|Dragon Dance|p1a: Gyarados
|-boost|p1a: Gyarados|atk|1
|-boost|p1a: Gyarados|spe|1
|move|p2a: Quagsire|Scald|p1a: Gyarados
|-resisted|p1a: Gyarados
|-activate|p1a: Gyarados|move: Substitute|[damage]
|
|-heal|p1a: Gyarados|99/100|[from] item: Leftovers
|upkeep
|turn|9
|
|move|p1a: Gyarados|Dragon Dance|p1a: Gyarados
|-boost|p1a: Gyarados|atk|1
|-boost|p1a: Gyarados|spe|1
|move|p2a: Quagsire|Scald|p1a: Gyarados
|-resisted|p1a: Gyarados
|-activate|p1a: Gyarados|move: Substitute|[damage]
|
|-heal|p1a: Gyarados|100/100|[from] item: Leftovers
|-sideend|p1: duglfugl|move: Light Screen
|upkeep
|turn|10
|
|move|p1a: Gyarados|Dragon Dance|p1a: Gyarados
|-boost|p1a: Gyarados|atk|1
|-boost|p1a: Gyarados|spe|1
|move|p2a: Quagsire|Scald|p1a: Gyarados
|-resisted|p1a: Gyarados
|-end|p1a: Gyarados|Substitute
|
|-sideend|p1: duglfugl|Reflect
|upkeep
|turn|11
|
|move|p1a: Gyarados|Substitute|p1a: Gyarados
|-start|p1a: Gyarados|Substitute
|-damage|p1a: Gyarados|76/100
|move|p2a: Quagsire|Scald|p1a: Gyarados
|-resisted|p1a: Gyarados
|-activate|p1a: Gyarados|move: Substitute|[damage]
|
|-heal|p1a: Gyarados|82/100|[from] item: Leftovers
|upkeep
|turn|12
|inactive|duglfugl has 120 seconds left.
|
|move|p1a: Gyarados|Waterfall|p2a: Quagsire
|-damage|p2a: Quagsire|72/100
|move|p2a: Quagsire|Scald|p1a: Gyarados
|-resisted|p1a: Gyarados
|-activate|p1a: Gyarados|move: Substitute|[damage]
|
|-heal|p1a: Gyarados|88/100|[from] item: Leftovers
|-heal|p2a: Quagsire|78/100|[from] item: Leftovers
|upkeep
|turn|13
|
|move|p1a: Gyarados|Waterfall|p2a: Quagsire
|-damage|p2a: Quagsire|51/100
|move|p2a: Quagsire|Recover|p2a: Quagsire
|-heal|p2a: Quagsire|100/100
|
|-heal|p1a: Gyarados|94/100|[from] item: Leftovers
|upkeep
|turn|14
|
|move|p1a: Gyarados|Waterfall|p2a: Quagsire
|-damage|p2a: Quagsire|70/100
|move|p2a: Quagsire|Scald|p1a: Gyarados
|-resisted|p1a: Gyarados
|-end|p1a: Gyarados|Substitute
|
|-heal|p1a: Gyarados|99/100|[from] item: Leftovers
|-heal|p2a: Quagsire|76/100|[from] item: Leftovers
|upkeep
|turn|15
|inactive|dingusdingus has 120 seconds left.
|
|switch|p2a: Ferrothorn|Ferrothorn, F|100/100
|move|p1a: Gyarados|Substitute|p1a: Gyarados
|-start|p1a: Gyarados|Substitute
|-damage|p1a: Gyarados|75/100
|
|-heal|p1a: Gyarados|81/100|[from] item: Leftovers
|upkeep
|turn|16
|
|move|p1a: Gyarados|Earthquake|p2a: Ferrothorn
|-damage|p2a: Ferrothorn|13/100
|move|p2a: Ferrothorn|Stealth Rock|p1a: Gyarados
|-sidestart|p1: duglfugl|move: Stealth Rock
|
|-heal|p1a: Gyarados|87/100|[from] item: Leftovers
|-heal|p2a: Ferrothorn|20/100|[from] item: Leftovers
|upkeep
|turn|17
|
|switch|p2a: Quagsire|Quagsire, M|76/100
|move|p1a: Gyarados|Earthquake|p2a: Quagsire
|-damage|p2a: Quagsire|54/100
|
|-heal|p1a: Gyarados|93/100|[from] item: Leftovers
|-heal|p2a: Quagsire|60/100|[from] item: Leftovers
|upkeep
|turn|18
|
|move|p1a: Gyarados|Waterfall|p2a: Quagsire
|-damage|p2a: Quagsire|32/100
|cant|p2a: Quagsire|flinch
|
|-heal|p1a: Gyarados|99/100|[from] item: Leftovers
|-heal|p2a: Quagsire|38/100|[from] item: Leftovers
|upkeep
|turn|19
|
|move|p1a: Gyarados|Waterfall|p2a: Quagsire
|-damage|p2a: Quagsire|11/100
|cant|p2a: Quagsire|flinch
|
|-heal|p1a: Gyarados|100/100|[from] item: Leftovers
|-heal|p2a: Quagsire|17/100|[from] item: Leftovers
|upkeep
|turn|20
|c|☆duglfugl|lol
|-message|dingusdingus forfeited.
|
|win|duglfugl
|l|☆dingusdingus
|raw|duglfugl's rating: 1197 → 1222(+25 for winning)
|raw|dingusdingus's rating: 1194 → 1169(-25 for losing)
