|ScrapeTime|2020-01-01-23:36:26
|j|☆Pepega Boys
|j|☆fatboy78
|player|p1|Pepega Boys|1|1138
|player|p2|fatboy78|2|1151
|teamsize|p1|6
|teamsize|p2|6
|gametype|singles
|gen|8
|tier|[Gen 8] OU
|rated|
|rule|Sleep Clause Mod: Limit one foe put to sleep
|rule|Species Clause: Limit one of each Pokémon
|rule|OHKO Clause: OHKO moves are banned
|rule|Evasion Moves Clause: Evasion moves are banned
|rule|Endless Battle Clause: Forcing endless battles is banned
|rule|HP Percentage Mod: HP is shown in percentages
|clearpoke
|poke|p1|Stonjourner, F|
|poke|p1|Seismitoad, M|
|poke|p1|Corviknight, M|
|poke|p1|Grimmsnarl, M|
|poke|p1|Dragapult, M|
|poke|p1|Cinderace, M|
|poke|p2|Dracozolt|
|poke|p2|Excadrill, F|
|poke|p2|Toxtricity, F|
|poke|p2|Hatterene, F|
|poke|p2|Cinderace, M|
|poke|p2|Arctovish|
|rule|Dynamax Clause: You cannot dynamax
|teampreview
|inactive|Battle timer is ON: inactive players will automatically lose when time's up. (requested by fatboy78)
|
|start
|switch|p1a: Seismitoad|Seismitoad, M|100/100
|switch|p2a: Hatterene|Hatterene, F|100/100
|turn|1
|
|move|p1a: Seismitoad|Toxic|p2a: Hatterene
|move|p2a: Hatterene|Toxic|p1a: Seismitoad|[from]Magic Bounce
|-status|p1a: Seismitoad|tox
|move|p2a: Hatterene|Calm Mind|p2a: Hatterene
|-boost|p2a: Hatterene|spa|1
|-boost|p2a: Hatterene|spd|1
|
|-damage|p1a: Seismitoad|94/100 tox|[from] psn
|upkeep
|turn|2
|
|switch|p1a: Dragapult|Dragapult, M|100/100
|move|p2a: Hatterene|Psychic|p1a: Dragapult
|-damage|p1a: Dragapult|0 fnt
|faint|p1a: Dragapult
|
|upkeep
|
|switch|p1a: Cinderace|Cinderace, M|100/100
|turn|3
|
|move|p1a: Cinderace|Gunk Shot|p2a: Hatterene|[miss]
|-miss|p1a: Cinderace|p2a: Hatterene
|move|p2a: Hatterene|Psychic|p1a: Cinderace
|-damage|p1a: Cinderace|0 fnt
|faint|p1a: Cinderace
|
|upkeep
|
|switch|p1a: Grimmsnarl|Grimmsnarl, M|100/100
|turn|4
|
|move|p1a: Grimmsnarl|Light Screen|p1a: Grimmsnarl
|-sidestart|p1: Pepega Boys|move: Light Screen
|move|p2a: Hatterene|Mystical Fire|p1a: Grimmsnarl
|-damage|p1a: Grimmsnarl|78/100
|-unboost|p1a: Grimmsnarl|spa|1
|
|upkeep
|turn|5
|
|move|p1a: Grimmsnarl|Bulk Up|p1a: Grimmsnarl
|-boost|p1a: Grimmsnarl|atk|1
|-boost|p1a: Grimmsnarl|def|1
|move|p2a: Hatterene|Mystical Fire|p1a: Grimmsnarl
|-damage|p1a: Grimmsnarl|57/100
|-unboost|p1a: Grimmsnarl|spa|1
|
|upkeep
|turn|6
|
|move|p1a: Grimmsnarl|Spirit Break|p2a: Hatterene
|-damage|p2a: Hatterene|33/100
|-unboost|p2a: Hatterene|spa|1
|move|p2a: Hatterene|Mystical Fire|p1a: Grimmsnarl
|-damage|p1a: Grimmsnarl|42/100
|-unboost|p1a: Grimmsnarl|spa|1
|
|-heal|p2a: Hatterene|39/100|[from] item: Leftovers
|upkeep
|turn|7
|
|move|p1a: Grimmsnarl|Spirit Break|p2a: Hatterene
|-damage|p2a: Hatterene|0 fnt
|faint|p2a: Hatterene
|
|upkeep
|inactive|fatboy78 has 120 seconds left.
|
|switch|p2a: Toxtricity|Toxtricity, F|100/100
|turn|8
|
|move|p1a: Grimmsnarl|Reflect|p1a: Grimmsnarl
|-sidestart|p1: Pepega Boys|Reflect
|move|p2a: Toxtricity|Sludge Wave|p1a: Grimmsnarl
|-supereffective|p1a: Grimmsnarl
|-damage|p1a: Grimmsnarl|0 fnt
|faint|p1a: Grimmsnarl
|
|upkeep
|
|switch|p1a: Stonjourner|Stonjourner, F|100/100
|turn|9
|inactive|fatboy78 has 120 seconds left.
|
|move|p1a: Stonjourner|Rock Polish|p1a: Stonjourner
|-boost|p1a: Stonjourner|spe|2
|move|p2a: Toxtricity|Thunder Wave|p1a: Stonjourner
|-status|p1a: Stonjourner|par
|
|upkeep
|turn|10
|inactive|fatboy78 has 120 seconds left.
|
|cant|p1a: Stonjourner|par
|move|p2a: Toxtricity|Boomburst|p1a: Stonjourner
|-resisted|p1a: Stonjourner
|-damage|p1a: Stonjourner|49/100 par
|
|upkeep
|turn|11
|inactive|fatboy78 has 120 seconds left.
|
|cant|p1a: Stonjourner|par
|move|p2a: Toxtricity|Boomburst|p1a: Stonjourner
|-resisted|p1a: Stonjourner
|-crit|p1a: Stonjourner
|-damage|p1a: Stonjourner|0 fnt
|faint|p1a: Stonjourner
|
|-sideend|p1: Pepega Boys|move: Light Screen
|upkeep
|
|switch|p1a: Corviknight|Corviknight, M|100/100
|-ability|p1a: Corviknight|Pressure
|turn|12
|inactive|fatboy78 has 120 seconds left.
|
|move|p2a: Toxtricity|Overdrive|p1a: Corviknight
|-supereffective|p1a: Corviknight
|-damage|p1a: Corviknight|16/100
|move|p1a: Corviknight|Brave Bird|p2a: Toxtricity
|-resisted|p2a: Toxtricity
|-damage|p2a: Toxtricity|77/100
|-damage|p1a: Corviknight|9/100|[from] Recoil
|
|-heal|p2a: Toxtricity|83/100|[from] item: Black Sludge
|-heal|p1a: Corviknight|15/100|[from] item: Leftovers
|upkeep
|turn|13
|
|move|p2a: Toxtricity|Overdrive|p1a: Corviknight
|-supereffective|p1a: Corviknight
|-damage|p1a: Corviknight|0 fnt
|faint|p1a: Corviknight
|
|-heal|p2a: Toxtricity|89/100|[from] item: Black Sludge
|upkeep
|
|switch|p1a: Seismitoad|Seismitoad, M|94/100 tox
|turn|14
|
|move|p2a: Toxtricity|Boomburst|p1a: Seismitoad
|-damage|p1a: Seismitoad|29/100 tox
|move|p1a: Seismitoad|Earthquake|p2a: Toxtricity
|-supereffective|p2a: Toxtricity
|-damage|p2a: Toxtricity|0 fnt
|faint|p2a: Toxtricity
|
|-heal|p1a: Seismitoad|35/100 tox|[from] item: Leftovers
|-damage|p1a: Seismitoad|29/100 tox|[from] psn
|upkeep
|inactive|fatboy78 has 120 seconds left.
|inactive|fatboy78 has 90 seconds left.
|
|switch|p2a: Arctovish|Arctovish|100/100
|turn|15
|
|move|p1a: Seismitoad|Toxic|p2a: Arctovish
|-status|p2a: Arctovish|tox
|move|p2a: Arctovish|Fishious Rend|p1a: Seismitoad
|-heal|p1a: Seismitoad|53/100 tox|[from] ability: Water Absorb|[of] p2a: Arctovish
|
|-heal|p1a: Seismitoad|59/100 tox|[from] item: Leftovers
|-damage|p1a: Seismitoad|47/100 tox|[from] psn
|-damage|p2a: Arctovish|94/100 tox|[from] psn
|-sideend|p1: Pepega Boys|Reflect
|upkeep
|turn|16
|
|move|p1a: Seismitoad|Earthquake|p2a: Arctovish
|-damage|p2a: Arctovish|65/100 tox
|move|p2a: Arctovish|Icicle Crash|p1a: Seismitoad
|-damage|p1a: Seismitoad|22/100 tox
|
|-heal|p1a: Seismitoad|29/100 tox|[from] item: Leftovers
|-heal|p2a: Arctovish|72/100 tox|[from] item: Leftovers
|-damage|p1a: Seismitoad|10/100 tox|[from] psn
|-damage|p2a: Arctovish|59/100 tox|[from] psn
|upkeep
|turn|17
|
|move|p1a: Seismitoad|Earthquake|p2a: Arctovish
|-damage|p2a: Arctovish|32/100 tox
|move|p2a: Arctovish|Psychic Fangs|p1a: Seismitoad
|-damage|p1a: Seismitoad|0 fnt
|faint|p1a: Seismitoad
|
|win|fatboy78
|l|☆fatboy78
