|ScrapeTime|2020-01-01-14:12:27
|j|☆zsolii17
|j|☆Triple_T22
|player|p1|zsolii17|124|1122
|player|p2|Triple_T22|101|1102
|teamsize|p1|6
|teamsize|p2|6
|gametype|singles
|gen|8
|tier|[Gen 8] OU
|rated|
|rule|Sleep Clause Mod: Limit one foe put to sleep
|rule|Species Clause: Limit one of each Pokémon
|rule|OHKO Clause: OHKO moves are banned
|rule|Evasion Moves Clause: Evasion moves are banned
|rule|Endless Battle Clause: Forcing endless battles is banned
|rule|HP Percentage Mod: HP is shown in percentages
|clearpoke
|poke|p1|Snorlax, F|
|poke|p1|Corsola-Galar, F|
|poke|p1|Conkeldurr, M|
|poke|p1|Gyarados, M|
|poke|p1|Hydreigon, M|
|poke|p1|Rotom-Heat|
|poke|p2|Gyarados, F|
|poke|p2|Mimikyu, F|
|poke|p2|Rotom-Heat|
|poke|p2|Hydreigon, M|
|poke|p2|Grimmsnarl, M|
|poke|p2|Ferrothorn, F|
|rule|Dynamax Clause: You cannot dynamax
|teampreview
|inactive|Battle timer is ON: inactive players will automatically lose when time's up. (requested by zsolii17)
|
|start
|switch|p1a: Rotom|Rotom-Heat|100/100
|switch|p2a: Grimmsnarl|Grimmsnarl, M|100/100
|turn|1
|c|☆Triple_T22|glhf
|
|move|p2a: Grimmsnarl|Light Screen|p2a: Grimmsnarl
|-sidestart|p2: Triple_T22|move: Light Screen
|move|p1a: Rotom|Volt Switch|p2a: Grimmsnarl
|-damage|p2a: Grimmsnarl|88/100
|
|switch|p1a: Corsola|Corsola-Galar, F|100/100|[from]move: Volt Switch
|
|upkeep
|turn|2
|
|move|p2a: Grimmsnarl|Thunder Wave|p1a: Corsola
|-status|p1a: Corsola|par
|move|p1a: Corsola|Will-O-Wisp|p2a: Grimmsnarl
|-status|p2a: Grimmsnarl|brn
|
|-damage|p2a: Grimmsnarl|82/100 brn|[from] brn
|upkeep
|turn|3
|
|move|p2a: Grimmsnarl|Reflect|p2a: Grimmsnarl
|-sidestart|p2: Triple_T22|Reflect
|cant|p1a: Corsola|par
|
|-damage|p2a: Grimmsnarl|76/100 brn|[from] brn
|upkeep
|turn|4
|
|move|p2a: Grimmsnarl|Spirit Break|p1a: Corsola
|-damage|p1a: Corsola|93/100 par
|-unboost|p1a: Corsola|spa|1
|cant|p1a: Corsola|par
|
|-damage|p2a: Grimmsnarl|70/100 brn|[from] brn
|upkeep
|turn|5
|
|switch|p2a: Ferrothorn|Ferrothorn, F|100/100
|move|p1a: Corsola|Stealth Rock|p2a: Ferrothorn
|-sidestart|p2: Triple_T22|move: Stealth Rock
|
|upkeep
|turn|6
|
|move|p2a: Ferrothorn|Leech Seed|p1a: Corsola
|-start|p1a: Corsola|move: Leech Seed
|move|p1a: Corsola|Will-O-Wisp|p2a: Ferrothorn
|-status|p2a: Ferrothorn|brn
|
|-damage|p1a: Corsola|81/100 par|[from] Leech Seed|[of] p2a: Ferrothorn
|-damage|p2a: Ferrothorn|95/100 brn|[from] brn
|upkeep
|turn|7
|
|switch|p1a: Rotom|Rotom-Heat|100/100
|move|p2a: Ferrothorn|Stealth Rock|p1a: Rotom
|-sidestart|p1: zsolii17|move: Stealth Rock
|
|-damage|p2a: Ferrothorn|89/100 brn|[from] brn
|upkeep
|turn|8
|
|move|p1a: Rotom|Trick|p2a: Ferrothorn
|-activate|p1a: Rotom|move: Trick|[of] p2a: Ferrothorn
|-item|p2a: Ferrothorn|Choice Scarf|[from] move: Trick
|-item|p1a: Rotom|Focus Sash|[from] move: Trick
|move|p2a: Ferrothorn|Spikes|p1a: Rotom
|-sidestart|p1: zsolii17|Spikes
|
|-damage|p2a: Ferrothorn|83/100 brn|[from] brn
|-sideend|p2: Triple_T22|move: Light Screen
|upkeep
|turn|9
|
|move|p1a: Rotom|Overheat|p2a: Ferrothorn
|-supereffective|p2a: Ferrothorn
|-damage|p2a: Ferrothorn|0 fnt
|-unboost|p1a: Rotom|spa|2
|faint|p2a: Ferrothorn
|
|upkeep
|
|switch|p2a: Gyarados|Gyarados, F|100/100
|-damage|p2a: Gyarados|76/100|[from] Stealth Rock
|turn|10
|
|switch|p2a: Rotom|Rotom-Heat|100/100
|-damage|p2a: Rotom|76/100|[from] Stealth Rock
|move|p1a: Rotom|Volt Switch|p2a: Rotom
|-resisted|p2a: Rotom
|-damage|p2a: Rotom|69/100
|
|switch|p1a: Snorlax|Snorlax, F|100/100|[from]move: Volt Switch
|-damage|p1a: Snorlax|88/100|[from] Stealth Rock
|-damage|p1a: Snorlax|76/100|[from] Spikes
|
|-sideend|p2: Triple_T22|Reflect
|upkeep
|turn|11
|
|move|p2a: Rotom|Volt Switch|p1a: Snorlax
|-damage|p1a: Snorlax|56/100
|
|switch|p2a: Mimikyu|Mimikyu, F|100/100|[from]move: Volt Switch
|-damage|p2a: Mimikyu|88/100|[from] Stealth Rock
|move|p1a: Snorlax|Body Slam|p2a: Mimikyu
|-immune|p2a: Mimikyu
|
|upkeep
|turn|12
|
|move|p2a: Mimikyu|Swords Dance|p2a: Mimikyu
|-boost|p2a: Mimikyu|atk|2
|move|p1a: Snorlax|Crunch|p2a: Mimikyu
|-activate|p2a: Mimikyu|ability: Disguise
|-damage|p2a: Mimikyu|88/100
|detailschange|p2a: Mimikyu|Mimikyu-Busted, F
|-damage|p2a: Mimikyu|76/100|[from] ability: Disguise|[of] p2a: Mimikyu
|
|upkeep
|turn|13
|
|move|p2a: Mimikyu|Play Rough|p1a: Snorlax
|-damage|p1a: Snorlax|0 fnt
|faint|p1a: Snorlax
|
|upkeep
|
|switch|p1a: Gyarados|Gyarados, M|100/100
|-ability|p1a: Gyarados|Intimidate|boost
|-unboost|p2a: Mimikyu|atk|1
|turn|14
|
|move|p2a: Mimikyu|Play Rough|p1a: Gyarados
|-damage|p1a: Gyarados|30/100
|move|p1a: Gyarados|Waterfall|p2a: Mimikyu
|-damage|p2a: Mimikyu|11/100
|-enditem|p2a: Mimikyu|Sitrus Berry|[eat]
|-heal|p2a: Mimikyu|36/100|[from] item: Sitrus Berry
|
|upkeep
|turn|15
|
|move|p2a: Mimikyu|Shadow Sneak|p1a: Gyarados
|-damage|p1a: Gyarados|0 fnt
|faint|p1a: Gyarados
|
|upkeep
|
|switch|p1a: Rotom|Rotom-Heat|100/100
|-damage|p1a: Rotom|76/100|[from] Stealth Rock
|turn|16
|
|move|p2a: Mimikyu|Shadow Claw|p1a: Rotom
|-damage|p1a: Rotom|20/100
|move|p1a: Rotom|Volt Switch|p2a: Mimikyu
|-damage|p2a: Mimikyu|0 fnt
|faint|p2a: Mimikyu
|
|switch|p1a: Conkeldurr|Conkeldurr, M|100/100|[from]move: Volt Switch
|-damage|p1a: Conkeldurr|88/100|[from] Spikes
|-damage|p1a: Conkeldurr|82/100|[from] Stealth Rock
|
|upkeep
|
|switch|p2a: Grimmsnarl|Grimmsnarl, M|70/100 brn
|-damage|p2a: Grimmsnarl|57/100 brn|[from] Stealth Rock
|turn|17
|
|move|p2a: Grimmsnarl|Reflect|p2a: Grimmsnarl
|-sidestart|p2: Triple_T22|Reflect
|move|p1a: Conkeldurr|Defog|p2a: Grimmsnarl
|-unboost|p2a: Grimmsnarl|evasion|1
|-sideend|p2: Triple_T22|Reflect
|-sideend|p2: Triple_T22|Stealth Rock|[from] move: Defog|[of] p1a: Conkeldurr
|-sideend|p1: zsolii17|Spikes|[from] move: Defog|[of] p1a: Conkeldurr
|-sideend|p1: zsolii17|Stealth Rock|[from] move: Defog|[of] p1a: Conkeldurr
|
|-damage|p2a: Grimmsnarl|51/100 brn|[from] brn
|upkeep
|turn|18
|
|move|p2a: Grimmsnarl|Spirit Break|p1a: Conkeldurr
|-supereffective|p1a: Conkeldurr
|-damage|p1a: Conkeldurr|55/100
|-unboost|p1a: Conkeldurr|spa|1
|move|p1a: Conkeldurr|Drain Punch|p2a: Grimmsnarl
|-damage|p2a: Grimmsnarl|0 fnt
|-heal|p1a: Conkeldurr|79/100|[from] drain|[of] p2a: Grimmsnarl
|faint|p2a: Grimmsnarl
|
|upkeep
|
|switch|p2a: Rotom|Rotom-Heat|69/100
|turn|19
|
|move|p2a: Rotom|Thunderbolt|p1a: Conkeldurr
|-damage|p1a: Conkeldurr|30/100
|move|p1a: Conkeldurr|Drain Punch|p2a: Rotom
|-damage|p2a: Rotom|12/100
|-heal|p1a: Conkeldurr|47/100|[from] drain|[of] p2a: Rotom
|
|upkeep
|turn|20
|
|move|p1a: Conkeldurr|Mach Punch|p2a: Rotom
|-damage|p2a: Rotom|0 fnt
|faint|p2a: Rotom
|
|upkeep
|
|switch|p2a: Gyarados|Gyarados, F|76/100
|turn|21
|
|switch|p1a: Corsola|Corsola-Galar, F|81/100 par
|move|p2a: Gyarados|Waterfall|p1a: Corsola
|-damage|p1a: Corsola|51/100 par
|-damage|p2a: Gyarados|66/100|[from] item: Life Orb
|
|upkeep
|turn|22
|
|move|p2a: Gyarados|Dragon Dance|p2a: Gyarados
|-boost|p2a: Gyarados|atk|1
|-boost|p2a: Gyarados|spe|1
|move|p1a: Corsola|Will-O-Wisp|p2a: Gyarados
|-status|p2a: Gyarados|brn
|
|-damage|p2a: Gyarados|60/100 brn|[from] brn
|upkeep
|turn|23
|
|move|p2a: Gyarados|Crunch|p1a: Corsola
|-supereffective|p1a: Corsola
|-damage|p1a: Corsola|20/100 par
|-damage|p2a: Gyarados|50/100 brn|[from] item: Life Orb
|move|p1a: Corsola|Strength Sap|p2a: Gyarados
|-unboost|p2a: Gyarados|atk|1
|-heal|p1a: Corsola|100/100 par
|
|-damage|p2a: Gyarados|44/100 brn|[from] brn
|upkeep
|turn|24
|
|move|p2a: Gyarados|Crunch|p1a: Corsola
|-supereffective|p1a: Corsola
|-damage|p1a: Corsola|81/100 par
|-start|p2a: Gyarados|Disable|Crunch|[from] ability: Cursed Body|[of] p1a: Corsola
|-damage|p2a: Gyarados|34/100 brn|[from] item: Life Orb
|move|p1a: Corsola|Night Shade|p2a: Gyarados
|-damage|p2a: Gyarados|4/100 brn
|
|-damage|p2a: Gyarados|0 fnt|[from] brn
|faint|p2a: Gyarados
|upkeep
|
|switch|p2a: Hydreigon|Hydreigon, M|100/100
|turn|25
|
|move|p2a: Hydreigon|Nasty Plot|p2a: Hydreigon
|-boost|p2a: Hydreigon|spa|2
|move|p1a: Corsola|Will-O-Wisp|p2a: Hydreigon
|-status|p2a: Hydreigon|brn
|
|-damage|p2a: Hydreigon|94/100 brn|[from] brn
|upkeep
|turn|26
|
|move|p2a: Hydreigon|Dark Pulse|p1a: Corsola
|-supereffective|p1a: Corsola
|-damage|p1a: Corsola|0 fnt
|faint|p1a: Corsola
|
|-heal|p2a: Hydreigon|100/100 brn|[from] item: Leftovers
|-damage|p2a: Hydreigon|94/100 brn|[from] brn
|upkeep
|
|switch|p1a: Rotom|Rotom-Heat|20/100
|turn|27
|
|move|p2a: Hydreigon|Dark Pulse|p1a: Rotom
|-damage|p1a: Rotom|0 fnt
|faint|p1a: Rotom
|
|-heal|p2a: Hydreigon|100/100 brn|[from] item: Leftovers
|-damage|p2a: Hydreigon|94/100 brn|[from] brn
|upkeep
|
|switch|p1a: Conkeldurr|Conkeldurr, M|47/100
|turn|28
|
|move|p1a: Conkeldurr|Mach Punch|p2a: Hydreigon
|-supereffective|p2a: Hydreigon
|-damage|p2a: Hydreigon|41/100 brn
|move|p2a: Hydreigon|Draco Meteor|p1a: Conkeldurr
|-damage|p1a: Conkeldurr|0 fnt
|-unboost|p2a: Hydreigon|spa|2
|faint|p1a: Conkeldurr
|
|-heal|p2a: Hydreigon|47/100 brn|[from] item: Leftovers
|-damage|p2a: Hydreigon|41/100 brn|[from] brn
|upkeep
|
|switch|p1a: Hydreigon|Hydreigon, M|100/100
|turn|29
|
|move|p2a: Hydreigon|Draco Meteor|p1a: Hydreigon
|-supereffective|p1a: Hydreigon
|-damage|p1a: Hydreigon|0 fnt
|-unboost|p2a: Hydreigon|spa|2
|faint|p1a: Hydreigon
|
|win|Triple_T22
|c|☆Triple_T22|gg
|raw|zsolii17's rating: 1122 → 1096(-26 for losing)
|raw|Triple_T22's rating: 1102 → 1129(+27 for winning)
|l|☆Triple_T22
