|ScrapeTime|2020-01-01-23:56:31
|j|☆NicEveraert
|j|☆slkdfjkdsj
|player|p1|NicEveraert|53|1086
|player|p2|slkdfjkdsj|lass-gen4|1040
|teamsize|p1|6
|teamsize|p2|6
|gametype|singles
|gen|8
|tier|[Gen 8] OU
|rated|
|rule|Sleep Clause Mod: Limit one foe put to sleep
|rule|Species Clause: Limit one of each Pokémon
|rule|OHKO Clause: OHKO moves are banned
|rule|Evasion Moves Clause: Evasion moves are banned
|rule|Endless Battle Clause: Forcing endless battles is banned
|rule|HP Percentage Mod: HP is shown in percentages
|clearpoke
|poke|p1|Crawdaunt, M|
|poke|p1|Mew|
|poke|p1|Dragapult, F|
|poke|p1|Bisharp, F|
|poke|p1|Jellicent, M|
|poke|p1|Rotom-Heat|
|poke|p2|Indeedee, M|
|poke|p2|Ditto|
|poke|p2|Cinderace, M|
|poke|p2|Jellicent, M|
|poke|p2|Seismitoad, M|
|poke|p2|Corviknight, M|
|rule|Dynamax Clause: You cannot dynamax
|teampreview
|inactive|Battle timer is ON: inactive players will automatically lose when time's up. (requested by slkdfjkdsj)
|
|start
|switch|p1a: Rotom|Rotom-Heat|100/100
|switch|p2a: Jellicent|Jellicent, M, shiny|100/100
|turn|1
|
|switch|p1a: Jellicent|Jellicent, M|100/100
|switch|p2a: Seismitoad|Seismitoad, M, shiny|100/100
|
|upkeep
|turn|2
|
|move|p2a: Seismitoad|Toxic|p1a: Jellicent
|-status|p1a: Jellicent|tox
|move|p1a: Jellicent|Taunt|p2a: Seismitoad
|-start|p2a: Seismitoad|move: Taunt
|
|-damage|p1a: Jellicent|94/100 tox|[from] psn
|upkeep
|turn|3
|
|switch|p2a: Cinderace|Cinderace, M|100/100
|move|p1a: Jellicent|Will-O-Wisp|p2a: Cinderace
|-immune|p2a: Cinderace
|
|-heal|p1a: Jellicent|100/100 tox|[from] item: Leftovers
|-damage|p1a: Jellicent|88/100 tox|[from] psn
|upkeep
|turn|4
|
|switch|p2a: Seismitoad|Seismitoad, M, shiny|100/100
|move|p1a: Jellicent|Night Shade|p2a: Seismitoad
|-damage|p2a: Seismitoad|76/100
|
|-heal|p2a: Seismitoad|82/100|[from] item: Leftovers
|-heal|p1a: Jellicent|94/100 tox|[from] item: Leftovers
|-damage|p1a: Jellicent|76/100 tox|[from] psn
|upkeep
|turn|5
|
|move|p2a: Seismitoad|Stealth Rock|p1a: Jellicent
|-sidestart|p1: NicEveraert|move: Stealth Rock
|move|p1a: Jellicent|Strength Sap|p2a: Seismitoad
|-unboost|p2a: Seismitoad|atk|1
|-heal|p1a: Jellicent|100/100 tox
|
|-heal|p2a: Seismitoad|88/100|[from] item: Leftovers
|-damage|p1a: Jellicent|76/100 tox|[from] psn
|upkeep
|turn|6
|
|switch|p2a: Cinderace|Cinderace, M|100/100
|move|p1a: Jellicent|Will-O-Wisp|p2a: Cinderace
|-immune|p2a: Cinderace
|
|-heal|p1a: Jellicent|82/100 tox|[from] item: Leftovers
|-damage|p1a: Jellicent|51/100 tox|[from] psn
|upkeep
|turn|7
|
|switch|p2a: Indeedee|Indeedee, M|100/100
|-fieldstart|move: Psychic Terrain|[from] ability: Psychic Surge|[of] p2a: Indeedee
|switch|p1a: Crawdaunt|Crawdaunt, M|100/100
|-damage|p1a: Crawdaunt|88/100|[from] Stealth Rock
|
|upkeep
|turn|8
|
|move|p2a: Indeedee|Dazzling Gleam|p1a: Crawdaunt
|-supereffective|p1a: Crawdaunt
|-damage|p1a: Crawdaunt|0 fnt
|faint|p1a: Crawdaunt
|
|upkeep
|-message|NicEveraert forfeited.
|
|win|slkdfjkdsj
|l|☆NicEveraert
|raw|NicEveraert's rating: 1086 → 1062(-24 for losing)
|raw|slkdfjkdsj's rating: 1071 → 1102(+31 for winning)
