|ScrapeTime|2020-01-03-00:28:33
|j|☆KSolairius
|j|☆Bow2Bruce
|player|p1|KSolairius|265|1000
|player|p2|Bow2Bruce|hoopster|1074
|teamsize|p1|6
|teamsize|p2|6
|gametype|singles
|gen|8
|tier|[Gen 8] OU
|rated|
|rule|Sleep Clause Mod: Limit one foe put to sleep
|rule|Species Clause: Limit one of each Pokémon
|rule|OHKO Clause: OHKO moves are banned
|rule|Evasion Moves Clause: Evasion moves are banned
|rule|Endless Battle Clause: Forcing endless battles is banned
|rule|HP Percentage Mod: HP is shown in percentages
|clearpoke
|poke|p1|Ferrothorn, M|
|poke|p1|Hatterene, F|
|poke|p1|Toxtricity, F|
|poke|p1|Dracovish|
|poke|p1|Ditto|
|poke|p1|Corsola-Galar, F|
|poke|p2|Excadrill, M|
|poke|p2|Rotom-Wash|
|poke|p2|Hydreigon, F|
|poke|p2|Aegislash, M|
|poke|p2|Gyarados, M|
|poke|p2|Ditto|
|rule|Dynamax Clause: You cannot dynamax
|teampreview
|
|start
|switch|p1a: Ferrothorn|Ferrothorn, M|100/100
|switch|p2a: Excadrill|Excadrill, M|100/100
|turn|1
|
|move|p2a: Excadrill|Stealth Rock|p1a: Ferrothorn
|-sidestart|p1: KSolairius|move: Stealth Rock
|move|p1a: Ferrothorn|Stealth Rock|p2a: Excadrill
|-sidestart|p2: Bow2Bruce|move: Stealth Rock
|
|upkeep
|turn|2
|
|move|p2a: Excadrill|Rapid Spin|p1a: Ferrothorn
|-resisted|p1a: Ferrothorn
|-damage|p1a: Ferrothorn|94/100
|-damage|p2a: Excadrill|88/100|[from] ability: Iron Barbs|[of] p1a: Ferrothorn
|-sideend|p2: Bow2Bruce|Stealth Rock|[from] move: Rapid Spin|[of] p2a: Excadrill
|-boost|p2a: Excadrill|spe|1
|move|p1a: Ferrothorn|Spikes|p2a: Excadrill
|-sidestart|p2: Bow2Bruce|Spikes
|
|upkeep
|turn|3
|
|switch|p1a: Corsola|Corsola-Galar, F|100/100
|-damage|p1a: Corsola|88/100|[from] Stealth Rock
|move|p2a: Excadrill|Rapid Spin|p1a: Corsola
|-immune|p1a: Corsola
|
|upkeep
|turn|4
|
|move|p2a: Excadrill|Earthquake|p1a: Corsola
|-damage|p1a: Corsola|55/100
|-start|p2a: Excadrill|Disable|Earthquake|[from] ability: Cursed Body|[of] p1a: Corsola
|move|p1a: Corsola|Night Shade|p2a: Excadrill
|-damage|p2a: Excadrill|62/100
|
|upkeep
|turn|5
|
|move|p2a: Excadrill|Iron Head|p1a: Corsola
|-damage|p1a: Corsola|30/100
|cant|p1a: Corsola|flinch
|
|upkeep
|turn|6
|
|move|p2a: Excadrill|Iron Head|p1a: Corsola
|-damage|p1a: Corsola|3/100
|cant|p1a: Corsola|flinch
|
|upkeep
|turn|7
|
|switch|p1a: Ditto|Ditto|100/100
|-damage|p1a: Ditto|88/100|[from] Stealth Rock
|-transform|p1a: Ditto|p2a: Excadrill|[from] ability: Imposter
|move|p2a: Excadrill|Iron Head|p1a: Ditto
|-resisted|p1a: Ditto
|-damage|p1a: Ditto|59/100
|
|-end|p2a: Excadrill|Disable
|upkeep
|turn|8
|
|move|p1a: Ditto|Earthquake|p2a: Excadrill
|-supereffective|p2a: Excadrill
|-damage|p2a: Excadrill|0 fnt
|faint|p2a: Excadrill
|
|upkeep
|
|switch|p2a: Rotom|Rotom-Wash|100/100
|turn|9
|
|move|p1a: Ditto|Stealth Rock|p2a: Rotom
|-sidestart|p2: Bow2Bruce|move: Stealth Rock
|move|p2a: Rotom|Will-O-Wisp|p1a: Ditto
|-status|p1a: Ditto|brn
|
|-damage|p1a: Ditto|53/100 brn|[from] brn
|upkeep
|turn|10
|
|move|p1a: Ditto|Rapid Spin|p2a: Rotom
|-crit|p2a: Rotom
|-damage|p2a: Rotom|85/100
|-sideend|p1: KSolairius|Stealth Rock|[from] move: Rapid Spin|[of] p1a: Ditto
|-boost|p1a: Ditto|spe|1
|move|p2a: Rotom|Hydro Pump|p1a: Ditto
|-supereffective|p1a: Ditto
|-damage|p1a: Ditto|0 fnt
|faint|p1a: Ditto
|
|upkeep
|
|switch|p1a: Ferrothorn|Ferrothorn, M|94/100
|turn|11
|
|move|p2a: Rotom|Will-O-Wisp|p1a: Ferrothorn|[miss]
|-miss|p2a: Rotom|p1a: Ferrothorn
|move|p1a: Ferrothorn|Spikes|p2a: Rotom
|-sidestart|p2: Bow2Bruce|Spikes
|
|upkeep
|turn|12
|
|move|p2a: Rotom|Will-O-Wisp|p1a: Ferrothorn
|-status|p1a: Ferrothorn|brn
|move|p1a: Ferrothorn|Spikes|p2a: Rotom
|-sidestart|p2: Bow2Bruce|Spikes
|
|-damage|p1a: Ferrothorn|88/100 brn|[from] brn
|upkeep
|turn|13
|
|move|p2a: Rotom|Volt Switch|p1a: Ferrothorn
|-resisted|p1a: Ferrothorn
|-damage|p1a: Ferrothorn|78/100 brn
|
|switch|p2a: Gyarados|Gyarados, M|100/100|[from]move: Volt Switch
|-damage|p2a: Gyarados|76/100|[from] Stealth Rock
|-ability|p2a: Gyarados|Intimidate|boost
|-unboost|p1a: Ferrothorn|atk|1
|move|p1a: Ferrothorn|Toxic|p2a: Gyarados|[miss]
|-miss|p1a: Ferrothorn|p2a: Gyarados
|
|-damage|p1a: Ferrothorn|72/100 brn|[from] brn
|upkeep
|turn|14
|
|move|p2a: Gyarados|Dragon Pulse|p1a: Ferrothorn
|-resisted|p1a: Ferrothorn
|-damage|p1a: Ferrothorn|67/100 brn
|move|p1a: Ferrothorn|Substitute|p1a: Ferrothorn
|-start|p1a: Ferrothorn|Substitute
|-damage|p1a: Ferrothorn|42/100 brn
|
|-damage|p1a: Ferrothorn|35/100 brn|[from] brn
|upkeep
|turn|15
|
|switch|p2a: Hydreigon|Hydreigon, F|100/100
|-damage|p2a: Hydreigon|88/100|[from] Stealth Rock
|move|p1a: Ferrothorn|Toxic|p2a: Hydreigon
|-status|p2a: Hydreigon|tox
|
|-damage|p2a: Hydreigon|82/100 tox|[from] psn
|-damage|p1a: Ferrothorn|29/100 brn|[from] brn
|upkeep
|turn|16
|
|move|p2a: Hydreigon|Substitute|p2a: Hydreigon
|-start|p2a: Hydreigon|Substitute
|-damage|p2a: Hydreigon|57/100 tox
|move|p1a: Ferrothorn|Toxic||[still]
|-fail|p1a: Ferrothorn
|
|-damage|p2a: Hydreigon|45/100 tox|[from] psn
|-damage|p1a: Ferrothorn|23/100 brn|[from] brn
|upkeep
|-enditem|p1a: Ferrothorn|Iapapa Berry|[eat]
|-heal|p1a: Ferrothorn|56/100 brn|[from] item: Iapapa Berry
|turn|17
|
|move|p2a: Hydreigon|Draco Meteor|p1a: Ferrothorn
|-resisted|p1a: Ferrothorn
|-activate|p1a: Ferrothorn|move: Substitute|[damage]
|-unboost|p2a: Hydreigon|spa|2
|move|p1a: Ferrothorn|Toxic||[still]
|-fail|p1a: Ferrothorn
|
|-damage|p2a: Hydreigon|27/100 tox|[from] psn
|-damage|p1a: Ferrothorn|50/100 brn|[from] brn
|upkeep
|turn|18
|
|move|p2a: Hydreigon|Dark Pulse|p1a: Ferrothorn
|-end|p1a: Ferrothorn|Substitute
|move|p1a: Ferrothorn|Toxic||[still]
|-fail|p1a: Ferrothorn
|
|-damage|p2a: Hydreigon|3/100 tox|[from] psn
|-damage|p1a: Ferrothorn|44/100 brn|[from] brn
|upkeep
|-enditem|p2a: Hydreigon|Aguav Berry|[eat]
|-heal|p2a: Hydreigon|35/100 tox|[from] item: Aguav Berry
|turn|19
|
|move|p2a: Hydreigon|Draco Meteor|p1a: Ferrothorn
|-resisted|p1a: Ferrothorn
|-damage|p1a: Ferrothorn|33/100 brn
|-unboost|p2a: Hydreigon|spa|2
|move|p1a: Ferrothorn|Substitute|p1a: Ferrothorn
|-start|p1a: Ferrothorn|Substitute
|-damage|p1a: Ferrothorn|8/100 brn
|
|-damage|p2a: Hydreigon|5/100 tox|[from] psn
|-damage|p1a: Ferrothorn|2/100 brn|[from] brn
|upkeep
|turn|20
|
|move|p2a: Hydreigon|Dark Pulse|p1a: Ferrothorn
|-activate|p1a: Ferrothorn|move: Substitute|[damage]
|move|p1a: Ferrothorn|Toxic||[still]
|-fail|p1a: Ferrothorn
|
|-damage|p2a: Hydreigon|0 fnt|[from] psn
|faint|p2a: Hydreigon
|-damage|p1a: Ferrothorn|0 fnt|[from] brn
|faint|p1a: Ferrothorn
|upkeep
|
|switch|p2a: Rotom|Rotom-Wash|85/100
|switch|p1a: Corsola|Corsola-Galar, F|3/100
|-damage|p2a: Rotom|72/100|[from] Stealth Rock
|turn|21
|
|move|p2a: Rotom|Volt Switch|p1a: Corsola
|-damage|p1a: Corsola|0 fnt
|-start|p2a: Rotom|Disable|Volt Switch|[from] ability: Cursed Body|[of] p1a: Corsola
|faint|p1a: Corsola
|
|switch|p2a: Aegislash|Aegislash, M|100/100|[from]move: Volt Switch
|-damage|p2a: Aegislash|94/100|[from] Stealth Rock
|-damage|p2a: Aegislash|69/100|[from] Spikes
|
|upkeep
|
|switch|p1a: Dracovish|Dracovish|100/100
|turn|22
|
|move|p2a: Aegislash|King's Shield|p2a: Aegislash
|-singleturn|p2a: Aegislash|Protect
|move|p1a: Dracovish|Crunch|p2a: Aegislash
|-activate|p2a: Aegislash|move: Protect
|-unboost|p1a: Dracovish|atk|1
|
|upkeep
|turn|23
|
|switch|p2a: Ditto|Ditto|100/100
|-damage|p2a: Ditto|76/100|[from] Spikes
|-damage|p2a: Ditto|63/100|[from] Stealth Rock
|move|p1a: Dracovish|Fishious Rend|p2a: Ditto
|-damage|p2a: Ditto|0 fnt
|faint|p2a: Ditto
|
|upkeep
|c|☆KSolairius|Imposter ditto
|
|switch|p2a: Rotom|Rotom-Wash|72/100
|-damage|p2a: Rotom|60/100|[from] Stealth Rock
|turn|24
|c|☆KSolairius|normal sucks ass
|
|move|p1a: Dracovish|Fishious Rend|p2a: Rotom
|-resisted|p2a: Rotom
|-damage|p2a: Rotom|12/100
|-enditem|p2a: Rotom|Aguav Berry|[eat]
|-heal|p2a: Rotom|45/100|[from] item: Aguav Berry
|move|p2a: Rotom|Volt Switch|p1a: Dracovish
|-damage|p1a: Dracovish|67/100
|
|switch|p2a: Gyarados|Gyarados, M|76/100|[from]move: Volt Switch
|-damage|p2a: Gyarados|51/100|[from] Stealth Rock
|-ability|p2a: Gyarados|Intimidate|boost
|-unboost|p1a: Dracovish|atk|1
|
|-heal|p1a: Dracovish|73/100|[from] item: Leftovers
|upkeep
|turn|25
|
|move|p1a: Dracovish|Psychic Fangs|p2a: Gyarados
|-damage|p2a: Gyarados|31/100
|move|p2a: Gyarados|Dragon Pulse|p1a: Dracovish
|-supereffective|p1a: Dracovish
|-damage|p1a: Dracovish|33/100
|
|-heal|p1a: Dracovish|39/100|[from] item: Leftovers
|upkeep
|turn|26
|
|move|p1a: Dracovish|Ice Fang|p2a: Gyarados|[miss]
|-miss|p1a: Dracovish|p2a: Gyarados
|move|p2a: Gyarados|Dragon Pulse|p1a: Dracovish
|-supereffective|p1a: Dracovish
|-damage|p1a: Dracovish|1/100
|
|-heal|p1a: Dracovish|7/100|[from] item: Leftovers
|upkeep
|turn|27
|
|move|p1a: Dracovish|Crunch|p2a: Gyarados
|-damage|p2a: Gyarados|10/100
|-enditem|p2a: Gyarados|Aguav Berry|[eat]
|-heal|p2a: Gyarados|43/100|[from] item: Aguav Berry
|move|p2a: Gyarados|Dragon Pulse|p1a: Dracovish
|-supereffective|p1a: Dracovish
|-damage|p1a: Dracovish|0 fnt
|faint|p1a: Dracovish
|
|upkeep
|
|switch|p1a: Toxtricity|Toxtricity, F|100/100
|turn|28
|
|switch|p2a: Aegislash|Aegislash, M|69/100
|-damage|p2a: Aegislash|45/100|[from] Spikes
|-damage|p2a: Aegislash|38/100|[from] Stealth Rock
|move|p1a: Toxtricity|Thunderbolt|p2a: Aegislash
|-damage|p2a: Aegislash|0 fnt
|-damage|p1a: Toxtricity|91/100|[from] item: Life Orb
|faint|p2a: Aegislash
|
|upkeep
|
|switch|p2a: Rotom|Rotom-Wash|45/100
|-damage|p2a: Rotom|32/100|[from] Stealth Rock
|turn|29
|
|move|p1a: Toxtricity|Boomburst|p2a: Rotom
|-damage|p2a: Rotom|0 fnt
|-damage|p1a: Toxtricity|81/100|[from] item: Life Orb
|faint|p2a: Rotom
|
|upkeep
|
|switch|p2a: Gyarados|Gyarados, M|43/100
|-damage|p2a: Gyarados|18/100|[from] Stealth Rock
|-ability|p2a: Gyarados|Intimidate|boost
|-unboost|p1a: Toxtricity|atk|1
|turn|30
|
|move|p1a: Toxtricity|Thunderbolt|p2a: Gyarados
|-supereffective|p2a: Gyarados
|-crit|p2a: Gyarados
|-damage|p2a: Gyarados|0 fnt
|-damage|p1a: Toxtricity|71/100|[from] item: Life Orb
|faint|p2a: Gyarados
|
|win|KSolairius
|l|☆Bow2Bruce
|raw|KSolairius's rating: 1000 → 1048(+48 for winning)
|raw|Bow2Bruce's rating: 1075 → 1049(-26 for losing)
