|ScrapeTime|2020-01-01-06:34:55
|j|☆Chacho60
|j|☆Podim1
|player|p1|Chacho60|drayden|1504
|player|p2|Podim1|278|1472
|teamsize|p1|6
|teamsize|p2|6
|gametype|singles
|gen|8
|tier|[Gen 8] OU
|rated|
|rule|Sleep Clause Mod: Limit one foe put to sleep
|rule|Species Clause: Limit one of each Pokémon
|rule|OHKO Clause: OHKO moves are banned
|rule|Evasion Moves Clause: Evasion moves are banned
|rule|Endless Battle Clause: Forcing endless battles is banned
|rule|HP Percentage Mod: HP is shown in percentages
|clearpoke
|poke|p1|Pelipper, F|
|poke|p1|Rotom-Mow|
|poke|p1|Aegislash, F|
|poke|p1|Seismitoad, M|
|poke|p1|Barraskewda, M|
|poke|p1|Grimmsnarl, M|
|poke|p2|Dracovish|
|poke|p2|Rotom-Mow|
|poke|p2|Cinderace, M|
|poke|p2|Mamoswine, M|
|poke|p2|Corviknight, F|
|poke|p2|Dragapult, F|
|rule|Dynamax Clause: You cannot dynamax
|teampreview
|inactive|Battle timer is ON: inactive players will automatically lose when time's up. (requested by Chacho60)
|
|start
|switch|p1a: Rotom|Rotom-Mow, shiny|100/100
|switch|p2a: Dracovish|Dracovish|100/100
|turn|1
|
|switch|p2a: Dragapult|Dragapult, F|100/100
|move|p1a: Rotom|Thunder Wave|p2a: Dragapult
|-status|p2a: Dragapult|par
|
|upkeep
|turn|2
|
|switch|p1a: Grimmsnarl|Grimmsnarl, M|100/100
|switch|p2a: Corviknight|Corviknight, F|100/100
|-ability|p2a: Corviknight|Pressure
|
|upkeep
|turn|3
|
|move|p1a: Grimmsnarl|Thunder Wave|p2a: Corviknight
|-status|p2a: Corviknight|par
|cant|p2a: Corviknight|par
|
|upkeep
|turn|4
|
|switch|p1a: Pelipper|Pelipper, F, shiny|100/100
|-weather|RainDance|[from] ability: Drizzle|[of] p1a: Pelipper
|move|p2a: Corviknight|Brave Bird|p1a: Pelipper
|-damage|p1a: Pelipper|73/100
|-damage|p2a: Corviknight|93/100 par|[from] Recoil
|
|-weather|RainDance|[upkeep]
|-heal|p2a: Corviknight|99/100 par|[from] item: Leftovers
|upkeep
|turn|5
|
|move|p1a: Pelipper|U-turn|p2a: Corviknight
|-resisted|p2a: Corviknight
|-damage|p2a: Corviknight|98/100 par
|
|switch|p1a: Seismitoad|Seismitoad, M, shiny|100/100|[from]move: U-turn
|move|p2a: Corviknight|Brave Bird|p1a: Seismitoad
|-damage|p1a: Seismitoad|54/100
|-damage|p2a: Corviknight|85/100 par|[from] Recoil
|
|-weather|RainDance|[upkeep]
|-heal|p2a: Corviknight|91/100 par|[from] item: Leftovers
|upkeep
|turn|6
|inactive|Podim1 has 120 seconds left.
|
|move|p1a: Seismitoad|Hydro Pump|p2a: Corviknight
|-damage|p2a: Corviknight|8/100 par
|move|p2a: Corviknight|Brave Bird|p1a: Seismitoad
|-damage|p1a: Seismitoad|11/100
|-damage|p2a: Corviknight|0 fnt|[from] Recoil
|faint|p2a: Corviknight
|
|-weather|RainDance|[upkeep]
|upkeep
|
|switch|p2a: Rotom|Rotom-Mow|100/100
|turn|7
|
|switch|p1a: Aegislash|Aegislash, F, shiny|100/100
|move|p2a: Rotom|Leaf Storm|p1a: Aegislash
|-resisted|p1a: Aegislash
|-damage|p1a: Aegislash|80/100
|-unboost|p2a: Rotom|spa|2
|
|-weather|RainDance|[upkeep]
|-heal|p1a: Aegislash|87/100|[from] item: Leftovers
|upkeep
|turn|8
|
|move|p2a: Rotom|Thunder Wave|p1a: Aegislash
|-status|p1a: Aegislash|par
|move|p1a: Aegislash|Substitute|p1a: Aegislash
|-start|p1a: Aegislash|Substitute
|-damage|p1a: Aegislash|62/100 par
|
|-weather|RainDance|[upkeep]
|-heal|p1a: Aegislash|68/100 par|[from] item: Leftovers
|upkeep
|turn|9
|
|move|p2a: Rotom|Nasty Plot|p2a: Rotom
|-boost|p2a: Rotom|spa|2
|-formechange|p1a: Aegislash|Aegislash-Blade||[from] ability: Stance Change
|move|p1a: Aegislash|Shadow Ball|p2a: Rotom
|-damage|p2a: Rotom|47/100
|
|-weather|RainDance|[upkeep]
|-heal|p1a: Aegislash|74/100 par|[from] item: Leftovers
|upkeep
|turn|10
|
|move|p2a: Rotom|Volt Switch|p1a: Aegislash
|-end|p1a: Aegislash|Substitute
|inactive|Podim1 has 120 seconds left.
|
|switch|p2a: Cinderace|Cinderace, M|100/100|[from]move: Volt Switch
|move|p1a: Aegislash|Shadow Ball|p2a: Cinderace
|-damage|p2a: Cinderace|28/100
|
|-weather|RainDance|[upkeep]
|-heal|p1a: Aegislash|80/100 par|[from] item: Leftovers
|upkeep
|turn|11
|inactive|Podim1 has 120 seconds left.
|
|switch|p2a: Dracovish|Dracovish|100/100
|-formechange|p1a: Aegislash|Aegislash||[from] ability: Stance Change
|move|p1a: Aegislash|King's Shield||[still]
|-fail|p1a: Aegislash
|
|-weather|none
|-heal|p1a: Aegislash|86/100 par|[from] item: Leftovers
|upkeep
|turn|12
|
|cant|p1a: Aegislash|par
|move|p2a: Dracovish|Crunch|p1a: Aegislash
|-supereffective|p1a: Aegislash
|-damage|p1a: Aegislash|32/100 par
|-unboost|p1a: Aegislash|def|1
|
|-heal|p1a: Aegislash|38/100 par|[from] item: Leftovers
|upkeep
|turn|13
|
|switch|p2a: Rotom|Rotom-Mow|47/100
|switch|p1a: Grimmsnarl|Grimmsnarl, M|100/100
|
|upkeep
|turn|14
|
|move|p1a: Grimmsnarl|Substitute|p1a: Grimmsnarl
|-start|p1a: Grimmsnarl|Substitute
|-damage|p1a: Grimmsnarl|76/100
|move|p2a: Rotom|Thunder Wave||[still]
|-fail|p2a: Rotom
|
|-heal|p1a: Grimmsnarl|82/100|[from] item: Leftovers
|upkeep
|turn|15
|
|move|p2a: Rotom|Volt Switch|p1a: Grimmsnarl
|-end|p1a: Grimmsnarl|Substitute
|inactive|Podim1 has 120 seconds left.
|
|switch|p2a: Cinderace|Cinderace, M|28/100|[from]move: Volt Switch
|move|p1a: Grimmsnarl|Spirit Break|p2a: Cinderace
|-resisted|p2a: Cinderace
|-damage|p2a: Cinderace|0 fnt
|faint|p2a: Cinderace
|
|-heal|p1a: Grimmsnarl|88/100|[from] item: Leftovers
|upkeep
|
|switch|p2a: Dracovish|Dracovish|100/100
|turn|16
|inactive|Podim1 has 90 seconds left.
|
|move|p1a: Grimmsnarl|Substitute|p1a: Grimmsnarl
|-start|p1a: Grimmsnarl|Substitute
|-damage|p1a: Grimmsnarl|63/100
|move|p2a: Dracovish|Crunch|p1a: Grimmsnarl
|-resisted|p1a: Grimmsnarl
|-activate|p1a: Grimmsnarl|move: Substitute|[damage]
|
|-heal|p1a: Grimmsnarl|69/100|[from] item: Leftovers
|upkeep
|turn|17
|
|move|p1a: Grimmsnarl|Thunder Wave|p2a: Dracovish|[miss]
|-miss|p1a: Grimmsnarl|p2a: Dracovish
|move|p2a: Dracovish|Crunch|p1a: Grimmsnarl
|-resisted|p1a: Grimmsnarl
|-activate|p1a: Grimmsnarl|move: Substitute|[damage]
|
|-heal|p1a: Grimmsnarl|76/100|[from] item: Leftovers
|upkeep
|turn|18
|
|switch|p2a: Mamoswine|Mamoswine, M|100/100
|move|p1a: Grimmsnarl|Thunder Wave|p2a: Mamoswine
|-immune|p2a: Mamoswine
|
|-heal|p1a: Grimmsnarl|82/100|[from] item: Leftovers
|upkeep
|turn|19
|
|move|p2a: Mamoswine|Icicle Crash|p1a: Grimmsnarl
|-end|p1a: Grimmsnarl|Substitute
|-damage|p2a: Mamoswine|91/100|[from] item: Life Orb
|move|p1a: Grimmsnarl|Spirit Break|p2a: Mamoswine
|-damage|p2a: Mamoswine|47/100
|-unboost|p2a: Mamoswine|spa|1
|
|-heal|p1a: Grimmsnarl|88/100|[from] item: Leftovers
|upkeep
|turn|20
|
|move|p1a: Grimmsnarl|Substitute|p1a: Grimmsnarl
|-start|p1a: Grimmsnarl|Substitute
|-damage|p1a: Grimmsnarl|63/100
|move|p2a: Mamoswine|Icicle Crash|p1a: Grimmsnarl
|-end|p1a: Grimmsnarl|Substitute
|-damage|p2a: Mamoswine|37/100|[from] item: Life Orb
|
|-heal|p1a: Grimmsnarl|69/100|[from] item: Leftovers
|upkeep
|turn|21
|
|move|p1a: Grimmsnarl|Sucker Punch|p2a: Mamoswine
|-damage|p2a: Mamoswine|0 fnt
|faint|p2a: Mamoswine
|
|-heal|p1a: Grimmsnarl|76/100|[from] item: Leftovers
|upkeep
|
|switch|p2a: Dracovish|Dracovish|100/100
|turn|22
|
|move|p1a: Grimmsnarl|Substitute|p1a: Grimmsnarl
|-start|p1a: Grimmsnarl|Substitute
|-damage|p1a: Grimmsnarl|51/100
|move|p2a: Dracovish|Fishious Rend|p1a: Grimmsnarl
|-end|p1a: Grimmsnarl|Substitute
|
|-heal|p1a: Grimmsnarl|57/100|[from] item: Leftovers
|upkeep
|turn|23
|
|switch|p2a: Dragapult|Dragapult, F|100/100 par
|switch|p1a: Rotom|Rotom-Mow, shiny|100/100
|
|upkeep
|turn|24
|inactive|Podim1 has 120 seconds left.
|
|move|p1a: Rotom|Volt Switch|p2a: Dragapult
|-resisted|p2a: Dragapult
|-damage|p2a: Dragapult|78/100 par
|
|switch|p1a: Grimmsnarl|Grimmsnarl, M|57/100|[from]move: Volt Switch
|move|p2a: Dragapult|Thunderbolt|p1a: Grimmsnarl
|-damage|p1a: Grimmsnarl|8/100
|
|-heal|p1a: Grimmsnarl|14/100|[from] item: Leftovers
|upkeep
|turn|25
|
|switch|p2a: Dracovish|Dracovish|100/100
|move|p1a: Grimmsnarl|Spirit Break|p2a: Dracovish
|-supereffective|p2a: Dracovish
|-damage|p2a: Dracovish|6/100
|-unboost|p2a: Dracovish|spa|1
|
|-heal|p1a: Grimmsnarl|20/100|[from] item: Leftovers
|upkeep
|turn|26
|inactive|Podim1 has 120 seconds left.
|
|move|p1a: Grimmsnarl|Sucker Punch|p2a: Dracovish
|-crit|p2a: Dracovish
|-damage|p2a: Dracovish|0 fnt
|faint|p2a: Dracovish
|
|-heal|p1a: Grimmsnarl|26/100|[from] item: Leftovers
|upkeep
|
|switch|p2a: Rotom|Rotom-Mow|47/100
|turn|27
|
|move|p1a: Grimmsnarl|Sucker Punch|p2a: Rotom
|-damage|p2a: Rotom|5/100
|-enditem|p2a: Rotom|Iapapa Berry|[eat]
|-heal|p2a: Rotom|38/100|[from] item: Iapapa Berry
|move|p2a: Rotom|Volt Switch|p1a: Grimmsnarl
|-crit|p1a: Grimmsnarl
|-damage|p1a: Grimmsnarl|0 fnt
|faint|p1a: Grimmsnarl
|
|switch|p2a: Dragapult|Dragapult, F|78/100 par|[from]move: Volt Switch
|
|upkeep
|
|switch|p1a: Barraskewda|Barraskewda, M|100/100
|turn|28
|
|move|p1a: Barraskewda|Crunch|p2a: Dragapult
|-supereffective|p2a: Dragapult
|-damage|p2a: Dragapult|0 fnt
|faint|p2a: Dragapult
|
|upkeep
|
|switch|p2a: Rotom|Rotom-Mow|38/100
|turn|29
|
|move|p1a: Barraskewda|Crunch|p2a: Rotom
|-damage|p2a: Rotom|0 fnt
|faint|p2a: Rotom
|
|win|Chacho60
|raw|Chacho60's rating: 1505 → 1523(+18 for winning)
|raw|Podim1's rating: 1472 → 1454(-18 for losing)
