|ScrapeTime|2020-01-03-01:48:31
|j|☆GEN 8 JESUS
|j|☆WarioMasters
|player|p1|GEN 8 JESUS|baker|1800
|player|p2|WarioMasters|silver-gen2|1881
|teamsize|p1|6
|teamsize|p2|6
|gametype|singles
|gen|8
|tier|[Gen 8] OU
|rated|
|rule|Sleep Clause Mod: Limit one foe put to sleep
|rule|Species Clause: Limit one of each Pokémon
|rule|OHKO Clause: OHKO moves are banned
|rule|Evasion Moves Clause: Evasion moves are banned
|rule|Endless Battle Clause: Forcing endless battles is banned
|rule|HP Percentage Mod: HP is shown in percentages
|clearpoke
|poke|p1|Dragapult, M|
|poke|p1|Clefable, M|
|poke|p1|Dugtrio, M|
|poke|p1|Togekiss, M|
|poke|p1|Corviknight, M|
|poke|p1|Dracovish|
|poke|p2|Vikavolt, F|
|poke|p2|Cinderace, F|
|poke|p2|Kommo-o, M|
|poke|p2|Bisharp, M|
|poke|p2|Excadrill, M|
|poke|p2|Dracovish|
|rule|Dynamax Clause: You cannot dynamax
|teampreview
|j| w0rmh0le
|j| missoni obsession
|c|☆WarioMasters|Glhf
|c|☆GEN 8 JESUS|i u2
|j| Contre♪♪
|
|start
|switch|p1a: Dragapult|Dragapult, M|100/100
|switch|p2a: Excadrill|Excadrill, M|100/100
|-ability|p2a: Excadrill|Mold Breaker
|turn|1
|
|switch|p1a: Corviknight|Corviknight, M|100/100
|-ability|p1a: Corviknight|Pressure
|move|p2a: Excadrill|Stealth Rock|p1a: Corviknight
|-sidestart|p1: GEN 8 JESUS|move: Stealth Rock
|
|upkeep
|turn|2
|
|switch|p2a: Vikavolt|Vikavolt, F|100/100
|move|p1a: Corviknight|Defog|p2a: Vikavolt
|-unboost|p2a: Vikavolt|evasion|1
|-sideend|p1: GEN 8 JESUS|Stealth Rock|[from] move: Defog|[of] p1a: Corviknight
|
|upkeep
|turn|3
|j| 6tg
|
|switch|p1a: Dragapult|Dragapult, M|100/100
|move|p2a: Vikavolt|Sticky Web|p1a: Dragapult
|-sidestart|p1: GEN 8 JESUS|move: Sticky Web
|
|upkeep
|turn|4
|c|☆GEN 8 JESUS|that gets webs?
|c|☆GEN 8 JESUS|huh
|
|move|p1a: Dragapult|Hex|p2a: Vikavolt
|-damage|p2a: Vikavolt|68/100
|move|p2a: Vikavolt|Volt Switch|p1a: Dragapult
|-resisted|p1a: Dragapult
|-damage|p1a: Dragapult|74/100
|
|switch|p2a: Suck mee|Cinderace, F|100/100|[from]move: Volt Switch
|
|-heal|p1a: Dragapult|80/100|[from] item: Leftovers
|upkeep
|turn|5
|
|switch|p2a: Excadrill|Excadrill, M|100/100
|-ability|p2a: Excadrill|Mold Breaker
|move|p1a: Dragapult|Thunder Wave|p2a: Excadrill
|-immune|p2a: Excadrill
|
|-heal|p1a: Dragapult|86/100|[from] item: Leftovers
|upkeep
|turn|6
|j| FUCK gen 8 and u
|
|move|p1a: Dragapult|Hex|p2a: Excadrill
|-damage|p2a: Excadrill|66/100
|move|p2a: Excadrill|Iron Head|p1a: Dragapult
|-damage|p1a: Dragapult|37/100
|
|-heal|p1a: Dragapult|43/100|[from] item: Leftovers
|upkeep
|turn|7
|
|switch|p1a: Corviknight|Corviknight, M|100/100
|-ability|p1a: Corviknight|Pressure
|move|p2a: Excadrill|Iron Head|p1a: Corviknight
|-resisted|p1a: Corviknight
|-crit|p1a: Corviknight
|-damage|p1a: Corviknight|73/100
|
|-heal|p1a: Corviknight|79/100|[from] item: Leftovers
|upkeep
|turn|8
|
|move|p2a: Excadrill|Stealth Rock|p1a: Corviknight
|-sidestart|p1: GEN 8 JESUS|move: Stealth Rock
|move|p1a: Corviknight|U-turn|p2a: Excadrill
|-resisted|p2a: Excadrill
|-damage|p2a: Excadrill|55/100
|
|switch|p1a: Clefable|Clefable, M|100/100|[from]move: U-turn
|-activate|p1a: Clefable|move: Sticky Web
|-unboost|p1a: Clefable|spe|1
|
|upkeep
|turn|9
|
|switch|p1a: Corviknight|Corviknight, M|79/100
|-damage|p1a: Corviknight|66/100|[from] Stealth Rock
|-ability|p1a: Corviknight|Pressure
|move|p2a: Excadrill|Iron Head|p1a: Corviknight
|-resisted|p1a: Corviknight
|-damage|p1a: Corviknight|47/100
|
|-heal|p1a: Corviknight|54/100|[from] item: Leftovers
|upkeep
|turn|10
|
|switch|p2a: Bisharp|Bisharp, M|100/100
|move|p1a: Corviknight|Roost|p1a: Corviknight
|-heal|p1a: Corviknight|100/100
|-singleturn|p1a: Corviknight|move: Roost
|
|upkeep
|turn|11
|
|switch|p2a: Vikavolt|Vikavolt, F|68/100
|move|p1a: Corviknight|Defog|p2a: Vikavolt
|-unboost|p2a: Vikavolt|evasion|1
|-sideend|p1: GEN 8 JESUS|Stealth Rock|[from] move: Defog|[of] p1a: Corviknight
|-sideend|p1: GEN 8 JESUS|Sticky Web|[from] move: Defog|[of] p1a: Corviknight
|
|upkeep
|turn|12
|j| La Pampara
|
|move|p1a: Corviknight|U-turn|p2a: Vikavolt
|-damage|p2a: Vikavolt|54/100
|
|switch|p1a: Dragapult|Dragapult, M|43/100|[from]move: U-turn
|move|p2a: Vikavolt|Sticky Web|p1a: Dragapult
|-sidestart|p1: GEN 8 JESUS|move: Sticky Web
|
|-heal|p1a: Dragapult|49/100|[from] item: Leftovers
|upkeep
|turn|13
|l| missoni obsession
|
|move|p1a: Dragapult|Hex|p2a: Vikavolt
|-damage|p2a: Vikavolt|21/100
|move|p2a: Vikavolt|Volt Switch|p1a: Dragapult
|-resisted|p1a: Dragapult
|-damage|p1a: Dragapult|20/100
|
|switch|p2a: Excadrill|Excadrill, M|55/100|[from]move: Volt Switch
|-ability|p2a: Excadrill|Mold Breaker
|
|-heal|p1a: Dragapult|26/100|[from] item: Leftovers
|upkeep
|turn|14
|j| IthinkI'm
|
|switch|p1a: Corviknight|Corviknight, M|100/100
|-ability|p1a: Corviknight|Pressure
|move|p2a: Excadrill|Iron Head|p1a: Corviknight
|-resisted|p1a: Corviknight
|-damage|p1a: Corviknight|83/100
|
|-heal|p1a: Corviknight|90/100|[from] item: Leftovers
|upkeep
|turn|15
|
|move|p2a: Excadrill|Iron Head|p1a: Corviknight
|-resisted|p1a: Corviknight
|-damage|p1a: Corviknight|72/100
|cant|p1a: Corviknight|flinch
|
|-heal|p1a: Corviknight|79/100|[from] item: Leftovers
|upkeep
|turn|16
|
|move|p2a: Excadrill|Rapid Spin|p1a: Corviknight
|-resisted|p1a: Corviknight
|-damage|p1a: Corviknight|72/100
|-boost|p2a: Excadrill|spe|1
|move|p1a: Corviknight|Defog|p2a: Excadrill
|-unboost|p2a: Excadrill|evasion|1
|-sideend|p1: GEN 8 JESUS|Sticky Web|[from] move: Defog|[of] p1a: Corviknight
|
|-heal|p1a: Corviknight|78/100|[from] item: Leftovers
|upkeep
|turn|17
|
|move|p2a: Excadrill|Stealth Rock|p1a: Corviknight
|-sidestart|p1: GEN 8 JESUS|move: Stealth Rock
|move|p1a: Corviknight|Defog|p2a: Excadrill
|-unboost|p2a: Excadrill|evasion|1
|-sideend|p1: GEN 8 JESUS|Stealth Rock|[from] move: Defog|[of] p1a: Corviknight
|
|-heal|p1a: Corviknight|84/100|[from] item: Leftovers
|upkeep
|turn|18
|
|move|p2a: Excadrill|Stealth Rock|p1a: Corviknight
|-sidestart|p1: GEN 8 JESUS|move: Stealth Rock
|move|p1a: Corviknight|Iron Head|p2a: Excadrill
|-resisted|p2a: Excadrill
|-damage|p2a: Excadrill|38/100
|
|-heal|p1a: Corviknight|90/100|[from] item: Leftovers
|upkeep
|turn|19
|
|move|p2a: Excadrill|Iron Head|p1a: Corviknight
|-resisted|p1a: Corviknight
|-damage|p1a: Corviknight|72/100
|move|p1a: Corviknight|Defog|p2a: Excadrill
|-unboost|p2a: Excadrill|evasion|1
|-sideend|p1: GEN 8 JESUS|Stealth Rock|[from] move: Defog|[of] p1a: Corviknight
|
|-heal|p1a: Corviknight|78/100|[from] item: Leftovers
|upkeep
|turn|20
|j| fh20091477
|
|move|p2a: Excadrill|Iron Head|p1a: Corviknight
|-resisted|p1a: Corviknight
|-damage|p1a: Corviknight|62/100
|cant|p1a: Corviknight|flinch
|
|-heal|p1a: Corviknight|68/100|[from] item: Leftovers
|upkeep
|turn|21
|
|move|p2a: Excadrill|Rapid Spin|p1a: Corviknight
|-resisted|p1a: Corviknight
|-damage|p1a: Corviknight|61/100
|-boost|p2a: Excadrill|spe|1
|move|p1a: Corviknight|Roost|p1a: Corviknight
|-heal|p1a: Corviknight|100/100
|-singleturn|p1a: Corviknight|move: Roost
|
|upkeep
|turn|22
|
|move|p2a: Excadrill|Stealth Rock|p1a: Corviknight
|-sidestart|p1: GEN 8 JESUS|move: Stealth Rock
|move|p1a: Corviknight|Iron Head|p2a: Excadrill
|-resisted|p2a: Excadrill
|-damage|p2a: Excadrill|20/100
|
|upkeep
|turn|23
|
|move|p2a: Excadrill|Iron Head|p1a: Corviknight
|-resisted|p1a: Corviknight
|-damage|p1a: Corviknight|82/100
|move|p1a: Corviknight|Defog|p2a: Excadrill
|-unboost|p2a: Excadrill|evasion|1
|-sideend|p1: GEN 8 JESUS|Stealth Rock|[from] move: Defog|[of] p1a: Corviknight
|
|-heal|p1a: Corviknight|89/100|[from] item: Leftovers
|upkeep
|turn|24
|
|move|p2a: Excadrill|Stealth Rock|p1a: Corviknight
|-sidestart|p1: GEN 8 JESUS|move: Stealth Rock
|move|p1a: Corviknight|Iron Head|p2a: Excadrill
|-resisted|p2a: Excadrill
|-damage|p2a: Excadrill|1/100
|
|-heal|p1a: Corviknight|95/100|[from] item: Leftovers
|upkeep
|turn|25
|
|move|p2a: Excadrill|Rapid Spin|p1a: Corviknight
|-resisted|p1a: Corviknight
|-damage|p1a: Corviknight|87/100
|-boost|p2a: Excadrill|spe|1
|move|p1a: Corviknight|Defog|p2a: Excadrill
|-unboost|p2a: Excadrill|evasion|1
|-sideend|p1: GEN 8 JESUS|Stealth Rock|[from] move: Defog|[of] p1a: Corviknight
|
|-heal|p1a: Corviknight|93/100|[from] item: Leftovers
|upkeep
|turn|26
|j| Sir Isaac Mewton
|
|move|p2a: Excadrill|Stealth Rock|p1a: Corviknight
|-sidestart|p1: GEN 8 JESUS|move: Stealth Rock
|move|p1a: Corviknight|Roost|p1a: Corviknight
|-heal|p1a: Corviknight|100/100
|-singleturn|p1a: Corviknight|move: Roost
|
|upkeep
|turn|27
|
|move|p2a: Excadrill|Iron Head|p1a: Corviknight
|-resisted|p1a: Corviknight
|-damage|p1a: Corviknight|81/100
|cant|p1a: Corviknight|flinch
|
|-heal|p1a: Corviknight|88/100|[from] item: Leftovers
|upkeep
|turn|28
|
|move|p2a: Excadrill|Iron Head|p1a: Corviknight
|-resisted|p1a: Corviknight
|-crit|p1a: Corviknight
|-damage|p1a: Corviknight|61/100
|cant|p1a: Corviknight|flinch
|
|-heal|p1a: Corviknight|67/100|[from] item: Leftovers
|upkeep
|turn|29
|
|move|p2a: Excadrill|Rapid Spin|p1a: Corviknight
|-resisted|p1a: Corviknight
|-damage|p1a: Corviknight|61/100
|-boost|p2a: Excadrill|spe|1
|move|p1a: Corviknight|Roost|p1a: Corviknight
|-heal|p1a: Corviknight|100/100
|-singleturn|p1a: Corviknight|move: Roost
|
|upkeep
|turn|30
|
|move|p2a: Excadrill|Iron Head|p1a: Corviknight
|-resisted|p1a: Corviknight
|-damage|p1a: Corviknight|82/100
|move|p1a: Corviknight|Defog|p2a: Excadrill
|-unboost|p2a: Excadrill|evasion|1
|-sideend|p1: GEN 8 JESUS|Stealth Rock|[from] move: Defog|[of] p1a: Corviknight
|
|-heal|p1a: Corviknight|88/100|[from] item: Leftovers
|upkeep
|turn|31
|
|move|p2a: Excadrill|Stealth Rock|p1a: Corviknight
|-sidestart|p1: GEN 8 JESUS|move: Stealth Rock
|move|p1a: Corviknight|Iron Head|p2a: Excadrill
|-resisted|p2a: Excadrill
|-damage|p2a: Excadrill|0 fnt
|faint|p2a: Excadrill
|
|-heal|p1a: Corviknight|94/100|[from] item: Leftovers
|upkeep
|
|switch|p2a: Dracovish|Dracovish|100/100
|turn|32
|
|switch|p1a: Dracovish|Dracovish|100/100
|-damage|p1a: Dracovish|88/100|[from] Stealth Rock
|move|p2a: Dracovish|Fishious Rend|p1a: Dracovish
|-resisted|p1a: Dracovish
|-damage|p1a: Dracovish|56/100
|
|upkeep
|turn|33
|j| DevilishGreg
|j| TFT_Turo
|
|switch|p2a: Vikavolt|Vikavolt, F|21/100
|move|p1a: Dracovish|Fishious Rend|p2a: Vikavolt
|-damage|p2a: Vikavolt|0 fnt
|faint|p2a: Vikavolt
|
|upkeep
|
|switch|p2a: Dracovish|Dracovish|100/100
|turn|34
|c|☆GEN 8 JESUS|real niggas counter dracovish w dracovish
|
|move|p2a: Dracovish|Substitute|p2a: Dracovish
|-start|p2a: Dracovish|Substitute
|-damage|p2a: Dracovish|76/100
|move|p1a: Dracovish|Fishious Rend|p2a: Dracovish
|-resisted|p2a: Dracovish
|-activate|p2a: Dracovish|move: Substitute|[damage]
|
|upkeep
|turn|35
|
|move|p2a: Dracovish|Crunch|p1a: Dracovish
|-damage|p1a: Dracovish|21/100
|move|p1a: Dracovish|Fishious Rend|p2a: Dracovish
|-resisted|p2a: Dracovish
|-end|p2a: Dracovish|Substitute
|
|upkeep
|turn|36
|
|move|p2a: Dracovish|Substitute|p2a: Dracovish
|-start|p2a: Dracovish|Substitute
|-damage|p2a: Dracovish|51/100
|move|p1a: Dracovish|Fishious Rend|p2a: Dracovish
|-resisted|p2a: Dracovish
|-activate|p2a: Dracovish|move: Substitute|[damage]
|
|upkeep
|turn|37
|
|move|p1a: Dracovish|Fishious Rend|p2a: Dracovish
|-resisted|p2a: Dracovish
|-end|p2a: Dracovish|Substitute
|move|p2a: Dracovish|Crunch|p1a: Dracovish
|-damage|p1a: Dracovish|0 fnt
|faint|p1a: Dracovish
|
|upkeep
|
|switch|p1a: Dragapult|Dragapult, M|26/100
|-damage|p1a: Dragapult|14/100|[from] Stealth Rock
|turn|38
|
|move|p1a: Dragapult|Thunder Wave|p2a: Dracovish
|-status|p2a: Dracovish|par
|move|p2a: Dracovish|Fishious Rend|p1a: Dragapult
|-resisted|p1a: Dragapult
|-damage|p1a: Dragapult|0 fnt
|faint|p1a: Dragapult
|
|upkeep
|j| acid dreams
|
|switch|p1a: Corviknight|Corviknight, M|94/100
|-damage|p1a: Corviknight|82/100|[from] Stealth Rock
|-ability|p1a: Corviknight|Pressure
|turn|39
|j| Low Ladder Skills
|
|move|p1a: Corviknight|Defog|p2a: Dracovish
|-unboost|p2a: Dracovish|evasion|1
|-sideend|p1: GEN 8 JESUS|Stealth Rock|[from] move: Defog|[of] p1a: Corviknight
|move|p2a: Dracovish|Fishious Rend|p1a: Corviknight
|-damage|p1a: Corviknight|26/100
|
|-heal|p1a: Corviknight|32/100|[from] item: Leftovers
|upkeep
|turn|40
|
|move|p1a: Corviknight|Roost|p1a: Corviknight
|-heal|p1a: Corviknight|82/100
|-singleturn|p1a: Corviknight|move: Roost
|move|p2a: Dracovish|Fishious Rend|p1a: Corviknight
|-damage|p1a: Corviknight|21/100
|
|-heal|p1a: Corviknight|27/100|[from] item: Leftovers
|upkeep
|turn|41
|
|move|p1a: Corviknight|Roost|p1a: Corviknight
|-heal|p1a: Corviknight|77/100
|-singleturn|p1a: Corviknight|move: Roost
|move|p2a: Dracovish|Fishious Rend|p1a: Corviknight
|-damage|p1a: Corviknight|1/100
|
|-heal|p1a: Corviknight|7/100|[from] item: Leftovers
|upkeep
|turn|42
|
|move|p1a: Corviknight|Iron Head|p2a: Dracovish
|-resisted|p2a: Dracovish
|-damage|p2a: Dracovish|39/100 par
|cant|p2a: Dracovish|par
|
|-heal|p1a: Corviknight|13/100|[from] item: Leftovers
|upkeep
|turn|43
|
|move|p1a: Corviknight|Iron Head|p2a: Dracovish
|-resisted|p2a: Dracovish
|-damage|p2a: Dracovish|26/100 par
|cant|p2a: Dracovish|flinch
|
|-heal|p1a: Corviknight|20/100|[from] item: Leftovers
|upkeep
|turn|44
|
|move|p1a: Corviknight|Iron Head|p2a: Dracovish
|-resisted|p2a: Dracovish
|-damage|p2a: Dracovish|13/100 par
|cant|p2a: Dracovish|flinch
|
|-heal|p1a: Corviknight|26/100|[from] item: Leftovers
|upkeep
|turn|45
|
|move|p1a: Corviknight|U-turn|p2a: Dracovish
|-damage|p2a: Dracovish|0 fnt
|faint|p2a: Dracovish
|
|switch|p1a: Togekiss|Togekiss, M|100/100|[from]move: U-turn
|
|upkeep
|
|switch|p2a: Suck mee|Cinderace, F|100/100
|turn|46
|
|move|p2a: Suck mee|Pyro Ball|p1a: Togekiss
|-damage|p1a: Togekiss|35/100
|-status|p1a: Togekiss|brn
|move|p1a: Togekiss|Thunder Wave|p2a: Suck mee|[miss]
|-miss|p1a: Togekiss|p2a: Suck mee
|
|-heal|p1a: Togekiss|41/100 brn|[from] item: Leftovers
|-damage|p1a: Togekiss|35/100 brn|[from] brn
|upkeep
|turn|47
|c|☆GEN 8 JESUS|asdifja;lskdfja;sldkjf
|j| Tsorig of Carthus
|c| Sir Isaac Mewton|hahah imagine complainin for hax after that
|c|☆GEN 8 JESUS|that's so sad
|
|switch|p1a: Corviknight|Corviknight, M|26/100
|-ability|p1a: Corviknight|Pressure
|move|p2a: Suck mee|Pyro Ball|p1a: Corviknight
|-supereffective|p1a: Corviknight
|-damage|p1a: Corviknight|0 fnt
|faint|p1a: Corviknight
|
|upkeep
|
|switch|p1a: Dugtrio|Dugtrio, M|100/100
|turn|48
|
|move|p1a: Dugtrio|Sucker Punch|p2a: Suck mee
|-damage|p2a: Suck mee|70/100
|move|p2a: Suck mee|Sucker Punch||[still]
|-fail|p2a: Suck mee
|
|upkeep
|turn|49
|
|move|p2a: Suck mee|Sucker Punch|p1a: Dugtrio
|-damage|p1a: Dugtrio|34/100
|move|p1a: Dugtrio|Earthquake|p2a: Suck mee
|-supereffective|p2a: Suck mee
|-damage|p2a: Suck mee|0 fnt
|faint|p2a: Suck mee
|
|upkeep
|
|switch|p2a: Kommo-o|Kommo-o, M|100/100
|turn|50
|
|switch|p1a: Clefable|Clefable, M|100/100
|move|p2a: Kommo-o|Substitute|p2a: Kommo-o
|-start|p2a: Kommo-o|Substitute
|-damage|p2a: Kommo-o|75/100
|
|upkeep
|turn|51
|
|move|p2a: Kommo-o|Belly Drum|p2a: Kommo-o
|-damage|p2a: Kommo-o|25/100
|-setboost|p2a: Kommo-o|atk|6|[from] move: Belly Drum
|-enditem|p2a: Kommo-o|Salac Berry|[eat]
|-boost|p2a: Kommo-o|spe|1
|move|p1a: Clefable|Moonblast|p2a: Kommo-o
|-supereffective|p2a: Kommo-o
|-end|p2a: Kommo-o|Substitute
|
|upkeep
|turn|52
|
|move|p2a: Kommo-o|Earthquake|p1a: Clefable
|-damage|p1a: Clefable|7/100
|move|p1a: Clefable|Moonblast|p2a: Kommo-o
|-supereffective|p2a: Kommo-o
|-damage|p2a: Kommo-o|0 fnt
|faint|p2a: Kommo-o
|
|-heal|p1a: Clefable|13/100|[from] item: Leftovers
|upkeep
|
|switch|p2a: Bisharp|Bisharp, M|100/100
|turn|53
|
|move|p2a: Bisharp|Swords Dance|p2a: Bisharp
|-boost|p2a: Bisharp|atk|2
|move|p1a: Clefable|Thunder Wave|p2a: Bisharp
|-status|p2a: Bisharp|par
|
|-heal|p1a: Clefable|19/100|[from] item: Leftovers
|upkeep
|turn|54
|c|☆GEN 8 JESUS|where there's yellow magic there's a way
|
|move|p1a: Clefable|Protect|p1a: Clefable
|-singleturn|p1a: Clefable|Protect
|move|p2a: Bisharp|Iron Head|p1a: Clefable
|-activate|p1a: Clefable|move: Protect
|
|-heal|p1a: Clefable|25/100|[from] item: Leftovers
|upkeep
|turn|55
|
|move|p1a: Clefable|Moonblast|p2a: Bisharp
|-damage|p2a: Bisharp|51/100 par
|move|p2a: Bisharp|Iron Head|p1a: Clefable
|-supereffective|p1a: Clefable
|-damage|p1a: Clefable|0 fnt
|faint|p1a: Clefable
|
|upkeep
|c| IthinkI'm|51% to hit
|j| Popesito
|
|switch|p1a: Dugtrio|Dugtrio, M|34/100
|turn|56
|
|move|p1a: Dugtrio|Sucker Punch|p2a: Bisharp
|-resisted|p2a: Bisharp
|-damage|p2a: Bisharp|38/100 par
|move|p2a: Bisharp|Iron Head|p1a: Dugtrio
|-damage|p1a: Dugtrio|0 fnt
|faint|p1a: Dugtrio
|
|upkeep
|c|☆GEN 8 JESUS|fuck
|c|☆GEN 8 JESUS|gg
|
|switch|p1a: Togekiss|Togekiss, M|35/100 brn
|turn|57
|j| Orpheus
|c|☆WarioMasters|gg
|c|☆WarioMasters|No para plz
|
|move|p2a: Bisharp|Sucker Punch||[still]
|-fail|p2a: Bisharp
|move|p1a: Togekiss|Nasty Plot|p1a: Togekiss
|-boost|p1a: Togekiss|spa|2
|
|-heal|p1a: Togekiss|41/100 brn|[from] item: Leftovers
|-damage|p1a: Togekiss|35/100 brn|[from] brn
|upkeep
|turn|58
|
|move|p2a: Bisharp|Sucker Punch||[still]
|-fail|p2a: Bisharp
|move|p1a: Togekiss|Nasty Plot|p1a: Togekiss
|-boost|p1a: Togekiss|spa|2
|
|-heal|p1a: Togekiss|41/100 brn|[from] item: Leftovers
|-damage|p1a: Togekiss|35/100 brn|[from] brn
|upkeep
|turn|59
|
|move|p2a: Bisharp|Sucker Punch|p1a: Togekiss
|-resisted|p1a: Togekiss
|-damage|p1a: Togekiss|0 fnt
|faint|p1a: Togekiss
|
|win|WarioMasters
|c|☆WarioMasters|Oof
|c|☆GEN 8 JESUS|twave miss into burn on cinder
|c|☆GEN 8 JESUS|was so tragic
|l| TFT_Turo
|l|☆WarioMasters
|c| Sir Isaac Mewton|hahah imagine complainin for hax after that
|l| DevilishGreg
|l| Low Ladder Skills
|raw|GEN 8 JESUS's rating: 1800 → 1784(-16 for losing)
|raw|WarioMasters's rating: 1881 → 1896(+15 for winning)
