|ScrapeTime|2020-01-01-18:18:45
|j|☆AwfulPancake
|j|☆Neymes253
|player|p1|AwfulPancake|clerk|1216
|player|p2|Neymes253|veteran|1179
|teamsize|p1|6
|teamsize|p2|6
|gametype|singles
|gen|8
|tier|[Gen 8] OU
|rated|
|rule|Sleep Clause Mod: Limit one foe put to sleep
|rule|Species Clause: Limit one of each Pokémon
|rule|OHKO Clause: OHKO moves are banned
|rule|Evasion Moves Clause: Evasion moves are banned
|rule|Endless Battle Clause: Forcing endless battles is banned
|rule|HP Percentage Mod: HP is shown in percentages
|clearpoke
|poke|p1|Chandelure, F|
|poke|p1|Bisharp, F|
|poke|p1|Dragapult, F|
|poke|p1|Gardevoir, M|
|poke|p1|Toxapex, F|
|poke|p1|Shiinotic, M|
|poke|p2|Toxtricity, M|
|poke|p2|Grimmsnarl, M|
|poke|p2|Cinderace, M|
|poke|p2|Obstagoon, M|
|poke|p2|Corviknight, M|
|poke|p2|Excadrill, M|
|rule|Dynamax Clause: You cannot dynamax
|teampreview
|
|start
|switch|p1a: Toxapex|Toxapex, F, shiny|100/100
|switch|p2a: Excadrill|Excadrill, M|100/100
|-ability|p2a: Excadrill|Mold Breaker
|turn|1
|
|move|p2a: Excadrill|Earthquake|p1a: Toxapex
|-supereffective|p1a: Toxapex
|-damage|p1a: Toxapex|37/100
|move|p1a: Toxapex|Scald|p2a: Excadrill
|-supereffective|p2a: Excadrill
|-damage|p2a: Excadrill|52/100
|
|-heal|p1a: Toxapex|43/100|[from] item: Black Sludge
|upkeep
|turn|2
|
|move|p2a: Excadrill|Stealth Rock|p1a: Toxapex
|-sidestart|p1: AwfulPancake|move: Stealth Rock
|move|p1a: Toxapex|Recover|p1a: Toxapex
|-heal|p1a: Toxapex|93/100
|
|-heal|p1a: Toxapex|99/100|[from] item: Black Sludge
|upkeep
|turn|3
|
|move|p2a: Excadrill|Earthquake|p1a: Toxapex
|-supereffective|p1a: Toxapex
|-damage|p1a: Toxapex|33/100
|move|p1a: Toxapex|Scald|p2a: Excadrill
|-supereffective|p2a: Excadrill
|-damage|p2a: Excadrill|3/100
|
|-heal|p1a: Toxapex|40/100|[from] item: Black Sludge
|upkeep
|turn|4
|
|switch|p1a: Gardevoir|Gardevoir, M, shiny|100/100
|-damage|p1a: Gardevoir|88/100|[from] Stealth Rock
|-ability|p1a: Gardevoir|Mold Breaker|[from] ability: Trace|[of] p2a: Excadrill
|-ability|p1a: Gardevoir|Mold Breaker
|move|p2a: Excadrill|Earthquake|p1a: Gardevoir
|-damage|p1a: Gardevoir|2/100
|
|upkeep
|turn|5
|
|move|p2a: Excadrill|Iron Head|p1a: Gardevoir
|-supereffective|p1a: Gardevoir
|-damage|p1a: Gardevoir|0 fnt
|faint|p1a: Gardevoir
|
|upkeep
|
|switch|p1a: Shiinotic|Shiinotic, M, shiny|100/100
|-damage|p1a: Shiinotic|88/100|[from] Stealth Rock
|turn|6
|
|move|p2a: Excadrill|Iron Head|p1a: Shiinotic
|-supereffective|p1a: Shiinotic
|-damage|p1a: Shiinotic|0 fnt
|faint|p1a: Shiinotic
|
|upkeep
|
|switch|p1a: Chandelure|Chandelure, F, shiny|100/100
|-damage|p1a: Chandelure|76/100|[from] Stealth Rock
|turn|7
|
|move|p2a: Excadrill|Earthquake|p1a: Chandelure
|-supereffective|p1a: Chandelure
|-damage|p1a: Chandelure|0 fnt
|faint|p1a: Chandelure
|
|upkeep
|
|switch|p1a: Toxapex|Toxapex, F, shiny|73/100
|-damage|p1a: Toxapex|60/100|[from] Stealth Rock
|turn|8
|
|move|p2a: Excadrill|Earthquake|p1a: Toxapex
|-supereffective|p1a: Toxapex
|-damage|p1a: Toxapex|0 fnt
|faint|p1a: Toxapex
|
|upkeep
|
|switch|p1a: Bisharp|Bisharp, F, shiny|100/100
|-damage|p1a: Bisharp|95/100|[from] Stealth Rock
|turn|9
|
|switch|p2a: Cinderace|Cinderace, M|100/100
|move|p1a: Bisharp|Sucker Punch||[still]
|-fail|p1a: Bisharp
|
|upkeep
|turn|10
|
|move|p2a: Cinderace|Pyro Ball|p1a: Bisharp
|-supereffective|p1a: Bisharp
|-damage|p1a: Bisharp|0 fnt
|faint|p1a: Bisharp
|
|upkeep
|
|switch|p1a: Dragapult|Dragapult, F|100/100
|-damage|p1a: Dragapult|88/100|[from] Stealth Rock
|turn|11
|
|move|p1a: Dragapult|Sucker Punch|p2a: Cinderace
|-damage|p2a: Cinderace|53/100
|-damage|p1a: Dragapult|78/100|[from] item: Life Orb
|move|p2a: Cinderace|Pyro Ball|p1a: Dragapult
|-resisted|p1a: Dragapult
|-damage|p1a: Dragapult|21/100
|
|upkeep
|turn|12
|
|move|p1a: Dragapult|Sucker Punch|p2a: Cinderace
|-damage|p2a: Cinderace|6/100
|-damage|p1a: Dragapult|11/100|[from] item: Life Orb
|move|p2a: Cinderace|Pyro Ball|p1a: Dragapult
|-resisted|p1a: Dragapult
|-damage|p1a: Dragapult|0 fnt
|faint|p1a: Dragapult
|
|win|Neymes253
|raw|AwfulPancake's rating: 1216 → 1188(-28 for losing)
|raw|Neymes253's rating: 1179 → 1206(+27 for winning)
