|ScrapeTime|2020-01-01-16:05:34
|j|☆polona
|j|☆sairtheking7w7
|player|p1|polona|red|1000
|player|p2|sairtheking7w7|102|1000
|teamsize|p1|6
|teamsize|p2|6
|gametype|singles
|gen|8
|tier|[Gen 8] OU
|rated|
|rule|Sleep Clause Mod: Limit one foe put to sleep
|rule|Species Clause: Limit one of each Pokémon
|rule|OHKO Clause: OHKO moves are banned
|rule|Evasion Moves Clause: Evasion moves are banned
|rule|Endless Battle Clause: Forcing endless battles is banned
|rule|HP Percentage Mod: HP is shown in percentages
|clearpoke
|poke|p1|Charizard, M|
|poke|p1|Shuckle, M|
|poke|p1|Toxapex, F|
|poke|p1|Ferrothorn, F|
|poke|p1|Excadrill, M|
|poke|p1|Sneasel, F|
|poke|p2|Ninetales, M|
|poke|p2|Corviknight, M|
|poke|p2|Aegislash, M|
|poke|p2|Gardevoir, M|
|poke|p2|Dracovish|
|poke|p2|Tyranitar, M|
|rule|Dynamax Clause: You cannot dynamax
|teampreview
|
|start
|switch|p1a: nose me ocurre nad|Ferrothorn, F|100/100
|switch|p2a: jinchuriky|Ninetales, M, shiny|100/100
|turn|1
|
|switch|p1a: guarrita|Toxapex, F|100/100
|move|p2a: jinchuriky|Hypnosis|p1a: guarrita
|-status|p1a: guarrita|slp|[from] move: Hypnosis
|
|upkeep
|turn|2
|
|move|p2a: jinchuriky|Giga Impact|p1a: guarrita
|-damage|p1a: guarrita|83/100 slp
|-mustrecharge|p2a: jinchuriky
|cant|p1a: guarrita|slp
|
|-heal|p1a: guarrita|89/100 slp|[from] item: Leftovers
|upkeep
|turn|3
|
|cant|p2a: jinchuriky|recharge
|-curestatus|p1a: guarrita|slp|[msg]
|move|p1a: guarrita|Toxic|p2a: jinchuriky
|-status|p2a: jinchuriky|tox
|
|-heal|p1a: guarrita|96/100|[from] item: Leftovers
|-damage|p2a: jinchuriky|95/100 tox|[from] psn
|upkeep
|turn|4
|
|switch|p2a: Gardevoir|Gardevoir, M|100/100
|move|p1a: guarrita|Baneful Bunker||[still]
|-fail|p1a: guarrita
|
|-heal|p1a: guarrita|100/100|[from] item: Leftovers
|upkeep
|turn|5
|
|switch|p1a: Minero|Excadrill, M|100/100
|-ability|p1a: Minero|Mold Breaker
|move|p2a: Gardevoir|Energy Ball|p1a: Minero
|-damage|p1a: Minero|60/100
|
|upkeep
|turn|6
|
|move|p1a: Minero|Iron Head|p2a: Gardevoir
|-supereffective|p2a: Gardevoir
|-damage|p2a: Gardevoir|0 fnt
|-damage|p1a: Minero|50/100|[from] item: Life Orb
|faint|p2a: Gardevoir
|
|upkeep
|
|switch|p2a: Dracovish|Dracovish|100/100
|turn|7
|
|move|p1a: Minero|Earthquake|p2a: Dracovish
|-damage|p2a: Dracovish|31/100
|-damage|p1a: Minero|40/100|[from] item: Life Orb
|move|p2a: Dracovish|Earthquake|p1a: Minero
|-supereffective|p1a: Minero
|-damage|p1a: Minero|0 fnt
|faint|p1a: Minero
|
|upkeep
|
|switch|p1a: guarro 100%|Shuckle, M|100/100
|turn|8
|
|move|p2a: Dracovish|Fishious Rend|p1a: guarro 100%
|-supereffective|p1a: guarro 100%
|-damage|p1a: guarro 100%|18/100
|-enditem|p1a: guarro 100%|Aguav Berry|[eat]
|-heal|p1a: guarro 100%|51/100|[from] item: Aguav Berry
|move|p1a: guarro 100%|Stealth Rock|p2a: Dracovish
|-sidestart|p2: sairtheking7w7|move: Stealth Rock
|
|upkeep
|turn|9
|
|switch|p1a: guarrita|Toxapex, F|100/100
|move|p2a: Dracovish|Fishious Rend|p1a: guarrita
|-resisted|p1a: guarrita
|-damage|p1a: guarrita|85/100
|
|-heal|p1a: guarrita|92/100|[from] item: Leftovers
|upkeep
|turn|10
|
|move|p2a: Dracovish|Ice Fang|p1a: guarrita
|-resisted|p1a: guarrita
|-damage|p1a: guarrita|87/100
|move|p1a: guarrita|Toxic|p2a: Dracovish
|-status|p2a: Dracovish|tox
|
|-heal|p1a: guarrita|94/100|[from] item: Leftovers
|-damage|p2a: Dracovish|24/100 tox|[from] psn
|upkeep
|turn|11
|
|move|p1a: guarrita|Baneful Bunker|p1a: guarrita
|-singleturn|p1a: guarrita|move: Protect
|move|p2a: Dracovish|Dragon Pulse|p1a: guarrita
|-activate|p1a: guarrita|move: Protect
|
|-heal|p1a: guarrita|99/100|[from] item: Leftovers
|-damage|p2a: Dracovish|12/100 tox|[from] psn
|upkeep
|turn|12
|
|move|p2a: Dracovish|Dragon Pulse|p1a: guarrita
|-damage|p1a: guarrita|77/100
|move|p1a: guarrita|Scald|p2a: Dracovish
|-heal|p2a: Dracovish|37/100 tox|[from] ability: Water Absorb|[of] p1a: guarrita
|
|-heal|p1a: guarrita|83/100|[from] item: Leftovers
|-damage|p2a: Dracovish|18/100 tox|[from] psn
|upkeep
|turn|13
|
|move|p2a: Dracovish|Earthquake|p1a: guarrita
|-supereffective|p1a: guarrita
|-damage|p1a: guarrita|58/100
|move|p1a: guarrita|Ice Beam|p2a: Dracovish
|-damage|p2a: Dracovish|1/100 tox
|
|-heal|p1a: guarrita|64/100|[from] item: Leftovers
|-damage|p2a: Dracovish|0 fnt|[from] psn
|faint|p2a: Dracovish
|upkeep
|
|switch|p2a: Tyranitar|Tyranitar, M|100/100
|-damage|p2a: Tyranitar|88/100|[from] Stealth Rock
|-weather|Sandstorm|[from] ability: Sand Stream|[of] p2a: Tyranitar
|turn|14
|
|move|p2a: Tyranitar|Thunder|p1a: guarrita|[miss]
|-miss|p2a: Tyranitar|p1a: guarrita
|move|p1a: guarrita|Toxic|p2a: Tyranitar
|-status|p2a: Tyranitar|tox
|
|-weather|Sandstorm|[upkeep]
|-damage|p1a: guarrita|58/100|[from] Sandstorm
|-heal|p1a: guarrita|64/100|[from] item: Leftovers
|-damage|p2a: Tyranitar|82/100 tox|[from] psn
|upkeep
|turn|15
|
|move|p2a: Tyranitar|Thunder|p1a: guarrita|[miss]
|-miss|p2a: Tyranitar|p1a: guarrita
|move|p1a: guarrita|Scald|p2a: Tyranitar
|-supereffective|p2a: Tyranitar
|-damage|p2a: Tyranitar|61/100 tox
|
|-weather|Sandstorm|[upkeep]
|-damage|p1a: guarrita|58/100|[from] Sandstorm
|-heal|p1a: guarrita|64/100|[from] item: Leftovers
|-damage|p2a: Tyranitar|49/100 tox|[from] psn
|upkeep
|turn|16
|
|move|p2a: Tyranitar|Thunder|p1a: guarrita
|-supereffective|p1a: guarrita
|-damage|p1a: guarrita|21/100
|-status|p1a: guarrita|par
|move|p1a: guarrita|Scald|p2a: Tyranitar
|-supereffective|p2a: Tyranitar
|-damage|p2a: Tyranitar|27/100 tox
|
|-weather|Sandstorm|[upkeep]
|-damage|p1a: guarrita|14/100 par|[from] Sandstorm
|-heal|p1a: guarrita|21/100 par|[from] item: Leftovers
|-damage|p2a: Tyranitar|9/100 tox|[from] psn
|upkeep
|turn|17
|
|move|p2a: Tyranitar|Earthquake|p1a: guarrita
|-supereffective|p1a: guarrita
|-damage|p1a: guarrita|0 fnt
|faint|p1a: guarrita
|
|-weather|Sandstorm|[upkeep]
|-damage|p2a: Tyranitar|0 fnt|[from] psn
|faint|p2a: Tyranitar
|upkeep
|
|switch|p2a: Aegislash|Aegislash, M|100/100
|switch|p1a: guarro 100%|Shuckle, M|51/100
|-damage|p2a: Aegislash|94/100|[from] Stealth Rock
|turn|18
|
|move|p2a: Aegislash|Reflect|p2a: Aegislash
|-sidestart|p2: sairtheking7w7|Reflect
|move|p1a: guarro 100%|Sticky Web|p2a: Aegislash
|-sidestart|p2: sairtheking7w7|move: Sticky Web
|
|-weather|none
|upkeep
|turn|19
|
|move|p2a: Aegislash|Swords Dance|p2a: Aegislash
|-boost|p2a: Aegislash|atk|2
|move|p1a: guarro 100%|Earth Power|p2a: Aegislash
|-supereffective|p2a: Aegislash
|-damage|p2a: Aegislash|74/100
|
|upkeep
|turn|20
|
|move|p2a: Aegislash|Swords Dance|p2a: Aegislash
|-boost|p2a: Aegislash|atk|2
|move|p1a: guarro 100%|Earth Power|p2a: Aegislash
|-supereffective|p2a: Aegislash
|-damage|p2a: Aegislash|54/100
|
|upkeep
|turn|21
|
|move|p2a: Aegislash|Swords Dance|p2a: Aegislash
|-boost|p2a: Aegislash|atk|2
|move|p1a: guarro 100%|Earth Power|p2a: Aegislash
|-supereffective|p2a: Aegislash
|-damage|p2a: Aegislash|30/100
|
|upkeep
|turn|22
|
|-formechange|p2a: Aegislash|Aegislash-Blade||[from] ability: Stance Change
|move|p2a: Aegislash|Sacred Sword|p1a: guarro 100%
|-crit|p1a: guarro 100%
|-damage|p1a: guarro 100%|0 fnt
|faint|p1a: guarro 100%
|
|-sideend|p2: sairtheking7w7|Reflect
|upkeep
|
|switch|p1a: nose me ocurre nad|Ferrothorn, F|100/100
|turn|23
|
|move|p2a: Aegislash|Sacred Sword|p1a: nose me ocurre nad
|-supereffective|p1a: nose me ocurre nad
|-damage|p1a: nose me ocurre nad|0 fnt
|-damage|p2a: Aegislash|18/100|[from] ability: Iron Barbs|[of] p1a: nose me ocurre nad
|-damage|p2a: Aegislash|1/100|[from] item: Rocky Helmet|[of] p1a: nose me ocurre nad
|faint|p1a: nose me ocurre nad
|
|upkeep
|
|switch|p1a: esa no te ama|Sneasel, F|100/100
|turn|24
|
|move|p1a: esa no te ama|Shadow Claw|p2a: Aegislash
|-supereffective|p2a: Aegislash
|-damage|p2a: Aegislash|0 fnt
|faint|p2a: Aegislash
|
|upkeep
|
|switch|p2a: jinchuriky|Ninetales, M, shiny|95/100 tox
|-damage|p2a: jinchuriky|70/100 tox|[from] Stealth Rock
|-activate|p2a: jinchuriky|move: Sticky Web
|-unboost|p2a: jinchuriky|spe|1
|turn|25
|
|switch|p1a: el papu|Charizard, M|100/100
|move|p2a: jinchuriky|Hypnosis|p1a: el papu
|-status|p1a: el papu|slp|[from] move: Hypnosis
|
|-damage|p2a: jinchuriky|64/100 tox|[from] psn
|upkeep
|turn|26
|
|cant|p1a: el papu|slp
|move|p2a: jinchuriky|Calm Mind|p2a: jinchuriky
|-boost|p2a: jinchuriky|spa|1
|-boost|p2a: jinchuriky|spd|1
|
|-damage|p2a: jinchuriky|52/100 tox|[from] psn
|upkeep
|turn|27
|
|cant|p1a: el papu|slp
|move|p2a: jinchuriky|Flare Blitz|p1a: el papu
|-resisted|p1a: el papu
|-damage|p1a: el papu|75/100 slp
|-damage|p2a: jinchuriky|44/100 tox|[from] Recoil
|
|-damage|p2a: jinchuriky|26/100 tox|[from] psn
|upkeep
|turn|28
|
|cant|p1a: el papu|slp
|move|p2a: jinchuriky|Giga Impact|p1a: el papu
|-damage|p1a: el papu|34/100 slp
|-mustrecharge|p2a: jinchuriky
|
|-damage|p2a: jinchuriky|2/100 tox|[from] psn
|upkeep
|turn|29
|
|-curestatus|p1a: el papu|slp|[msg]
|move|p1a: el papu|Flamethrower|p2a: jinchuriky
|-start|p2a: jinchuriky|ability: Flash Fire
|cant|p2a: jinchuriky|recharge
|
|-damage|p2a: jinchuriky|0 fnt|[from] psn
|faint|p2a: jinchuriky
|upkeep
|
|switch|p2a: Corviknight|Corviknight, M, shiny|100/100
|-damage|p2a: Corviknight|88/100|[from] Stealth Rock
|-ability|p2a: Corviknight|Pressure
|turn|30
|
|move|p1a: el papu|Flamethrower|p2a: Corviknight
|-supereffective|p2a: Corviknight
|-damage|p2a: Corviknight|0 fnt
|faint|p2a: Corviknight
|
|win|polona
|raw|polona's rating: 1000 → 1040(+40 for winning)
|raw|sairtheking7w7's rating: 1000 → 1000(+0 for losing)
|c|☆sairtheking7w7|gg
|l|☆sairtheking7w7
