|ScrapeTime|2020-01-02-00:55:35
|j|☆amfc
|j|☆dadou dada
|player|p1|amfc|li|1077
|player|p2|dadou dada|25|1105
|teamsize|p1|6
|teamsize|p2|6
|gametype|singles
|gen|8
|tier|[Gen 8] OU
|rated|
|rule|Sleep Clause Mod: Limit one foe put to sleep
|rule|Species Clause: Limit one of each Pokémon
|rule|OHKO Clause: OHKO moves are banned
|rule|Evasion Moves Clause: Evasion moves are banned
|rule|Endless Battle Clause: Forcing endless battles is banned
|rule|HP Percentage Mod: HP is shown in percentages
|clearpoke
|poke|p1|Clefable, M|
|poke|p1|Mandibuzz, F|
|poke|p1|Excadrill, F|
|poke|p1|Corsola-Galar, M|
|poke|p1|Toxapex, F|
|poke|p1|Ditto|
|poke|p2|Seismitoad, M|
|poke|p2|Clefable, M|
|poke|p2|Cinderace, M|
|poke|p2|Ferrothorn, M|
|poke|p2|Corsola-Galar, M|
|poke|p2|Mandibuzz, F|
|rule|Dynamax Clause: You cannot dynamax
|teampreview
|j| babequaza
|inactive|Battle timer is ON: inactive players will automatically lose when time's up. (requested by dadou dada)
|
|start
|switch|p1a: dont|Mandibuzz, F|100/100
|switch|p2a: Seismitoad|Seismitoad, M|100/100
|turn|1
|
|move|p1a: dont|Taunt|p2a: Seismitoad
|-start|p2a: Seismitoad|move: Taunt
|cant|p2a: Seismitoad|move: Taunt|Toxic
|
|upkeep
|turn|2
|
|switch|p2a: Clefable|Clefable, M|100/100
|move|p1a: dont|Knock Off|p2a: Clefable
|-resisted|p2a: Clefable
|-damage|p2a: Clefable|91/100
|-enditem|p2a: Clefable|Leftovers|[from] move: Knock Off|[of] p1a: dont
|
|upkeep
|turn|3
|inactive|amfc has 120 seconds left.
|inactive|amfc has 90 seconds left.
|
|switch|p1a: really|Excadrill, F|100/100
|-ability|p1a: really|Mold Breaker
|switch|p2a: Seismitoad|Seismitoad, M|100/100
|
|upkeep
|turn|4
|inactive|amfc has 90 seconds left.
|
|move|p1a: really|Swords Dance|p1a: really
|-boost|p1a: really|atk|2
|move|p2a: Seismitoad|Stealth Rock|p1a: really
|-sidestart|p1: amfc|move: Stealth Rock
|
|upkeep
|turn|5
|
|move|p1a: really|Rapid Spin|p2a: Seismitoad
|-damage|p2a: Seismitoad|73/100
|-sideend|p1: amfc|Stealth Rock|[from] move: Rapid Spin|[of] p1a: really
|-boost|p1a: really|spe|1
|move|p2a: Seismitoad|Earthquake|p1a: really
|-supereffective|p1a: really
|-damage|p1a: really|2/100
|
|-heal|p1a: really|8/100|[from] item: Leftovers
|-heal|p2a: Seismitoad|79/100|[from] item: Leftovers
|upkeep
|turn|6
|inactive|amfc has 90 seconds left.
|
|switch|p2a: Mandibuzz|Mandibuzz, F|100/100
|move|p1a: really|Earthquake|p2a: Mandibuzz
|-immune|p2a: Mandibuzz
|
|-heal|p1a: really|14/100|[from] item: Leftovers
|upkeep
|turn|7
|
|move|p1a: really|Iron Head|p2a: Mandibuzz
|-damage|p2a: Mandibuzz|35/100
|move|p2a: Mandibuzz|Knock Off|p1a: really
|-damage|p1a: really|0 fnt
|-enditem|p1a: really|Leftovers|[from] move: Knock Off|[of] p2a: Mandibuzz
|faint|p1a: really
|
|upkeep
|
|switch|p1a: dont|Mandibuzz, F|100/100
|turn|8
|
|move|p2a: Mandibuzz|U-turn|p1a: dont
|-damage|p1a: dont|92/100
|
|switch|p2a: Clefable|Clefable, M|91/100|[from]move: U-turn
|move|p1a: dont|Taunt|p2a: Clefable
|-start|p2a: Clefable|move: Taunt
|
|upkeep
|turn|9
|inactive|amfc has 90 seconds left.
|
|switch|p1a: care|Corsola-Galar, M|100/100
|switch|p2a: Mandibuzz|Mandibuzz, F|35/100
|
|upkeep
|turn|10
|inactive|amfc has 60 seconds left.
|
|switch|p1a: dont|Mandibuzz, F|92/100
|move|p2a: Mandibuzz|Knock Off|p1a: dont
|-resisted|p1a: dont
|-damage|p1a: dont|82/100
|-enditem|p1a: dont|Heavy-Duty Boots|[from] move: Knock Off|[of] p2a: Mandibuzz
|
|upkeep
|turn|11
|inactive|amfc has 30 seconds left.
|inactive|amfc has 20 seconds left.
|
|switch|p2a: Clefable|Clefable, M|91/100
|switch|p1a: care|Corsola-Galar, M|100/100
|
|upkeep
|turn|12
|inactive|amfc has 30 seconds left this turn.
|inactive|amfc has 20 seconds left.
|
|move|p2a: Clefable|Wish|p2a: Clefable
|move|p1a: care|Stealth Rock|p2a: Clefable
|-sidestart|p2: dadou dada|move: Stealth Rock
|
|upkeep
|turn|13
|inactive|amfc has 30 seconds left this turn.
|
|switch|p2a: Mandibuzz|Mandibuzz, F|35/100
|move|p1a: care|Night Shade|p2a: Mandibuzz
|-damage|p2a: Mandibuzz|12/100
|
|-heal|p2a: Mandibuzz|58/100|[from] move: Wish|[wisher] Clefable
|upkeep
|turn|14
|inactive|amfc has 30 seconds left.
|
|switch|p1a: do|Toxapex, F|100/100
|move|p2a: Mandibuzz|Knock Off|p1a: do
|-damage|p1a: do|85/100
|-enditem|p1a: do|Black Sludge|[from] move: Knock Off|[of] p2a: Mandibuzz
|
|upkeep
|turn|15
|inactive|amfc has 30 seconds left.
|inactive|amfc has 20 seconds left.
|
|move|p2a: Mandibuzz|Roost|p2a: Mandibuzz
|-heal|p2a: Mandibuzz|100/100
|-singleturn|p2a: Mandibuzz|move: Roost
|move|p1a: do|Scald|p2a: Mandibuzz
|-damage|p2a: Mandibuzz|90/100
|-status|p2a: Mandibuzz|brn
|
|-damage|p2a: Mandibuzz|84/100 brn|[from] brn
|upkeep
|turn|16
|inactive|amfc has 30 seconds left this turn.
|inactive|amfc has 20 seconds left.
|inactive|amfc has 15 seconds left.
|
|move|p2a: Mandibuzz|Defog|p1a: do
|-unboost|p1a: do|evasion|1
|-sideend|p2: dadou dada|Stealth Rock|[from] move: Defog|[of] p2a: Mandibuzz
|move|p1a: do|Toxic||[still]
|-fail|p1a: do
|
|-damage|p2a: Mandibuzz|78/100 brn|[from] brn
|upkeep
|turn|17
|inactive|amfc has 25 seconds left this turn.
|inactive|amfc has 20 seconds left.
|inactive|amfc has 15 seconds left.
|
|move|p2a: Mandibuzz|Knock Off|p1a: do
|-damage|p1a: do|80/100
|move|p1a: do|Scald|p2a: Mandibuzz
|-damage|p2a: Mandibuzz|67/100 brn
|
|-damage|p2a: Mandibuzz|61/100 brn|[from] brn
|upkeep
|turn|18
|inactive|amfc has 25 seconds left this turn.
|inactive|amfc has 20 seconds left.
|
|switch|p2a: Ferrothorn|Ferrothorn, M|100/100
|move|p1a: do|Scald|p2a: Ferrothorn
|-resisted|p2a: Ferrothorn
|-damage|p2a: Ferrothorn|95/100
|-status|p2a: Ferrothorn|brn
|
|-heal|p2a: Ferrothorn|100/100 brn|[from] item: Leftovers
|-damage|p2a: Ferrothorn|94/100 brn|[from] brn
|upkeep
|turn|19
|inactive|amfc has 30 seconds left this turn.
|inactive|amfc has 20 seconds left.
|
|switch|p1a: I|Clefable, M|100/100
|move|p2a: Ferrothorn|Leech Seed|p1a: I
|-start|p1a: I|move: Leech Seed
|
|-heal|p2a: Ferrothorn|100/100 brn|[from] item: Leftovers
|-damage|p2a: Ferrothorn|94/100 brn|[from] brn
|upkeep
|turn|20
|inactive|amfc has 30 seconds left this turn.
|inactive|amfc has 20 seconds left.
|inactive|amfc has 15 seconds left.
|
|move|p1a: I|Flamethrower|p2a: Ferrothorn
|-supereffective|p2a: Ferrothorn
|-damage|p2a: Ferrothorn|0 fnt
|faint|p2a: Ferrothorn
|
|upkeep
|inactive|amfc has 20 seconds left this turn.
|
|switch|p2a: Cinderace|Cinderace, M|100/100
|turn|21
|inactive|amfc has 30 seconds left this turn.
|inactive|amfc has 20 seconds left.
|
|switch|p1a: do|Toxapex, F|100/100
|move|p2a: Cinderace|Pyro Ball|p1a: do
|-resisted|p1a: do
|-damage|p1a: do|82/100
|
|upkeep
|turn|22
|inactive|amfc has 30 seconds left this turn.
|
|move|p2a: Cinderace|U-turn|p1a: do
|-resisted|p1a: do
|-damage|p1a: do|75/100
|inactive|amfc has 30 seconds left this turn.
|
|switch|p2a: Seismitoad|Seismitoad, M|79/100|[from]move: U-turn
|move|p1a: do|Toxic|p2a: Seismitoad
|-status|p2a: Seismitoad|tox
|
|-heal|p2a: Seismitoad|86/100 tox|[from] item: Leftovers
|-damage|p2a: Seismitoad|79/100 tox|[from] psn
|upkeep
|turn|23
|inactive|amfc has 30 seconds left.
|inactive|amfc has 20 seconds left.
|
|switch|p2a: Clefable|Clefable, M|91/100
|move|p1a: do|Recover|p1a: do
|-heal|p1a: do|100/100
|
|upkeep
|turn|24
|inactive|amfc has 30 seconds left this turn.
|inactive|amfc has 20 seconds left.
|
|move|p2a: Clefable|Wish|p2a: Clefable
|move|p1a: do|Scald|p2a: Clefable
|-damage|p2a: Clefable|75/100
|
|upkeep
|turn|25
|inactive|amfc has 30 seconds left this turn.
|inactive|amfc has 20 seconds left.
|
|switch|p2a: Seismitoad|Seismitoad, M|79/100 tox
|move|p1a: do|Toxic|p2a: Seismitoad
|-fail|p2a: Seismitoad|tox
|
|-heal|p2a: Seismitoad|100/100 tox|[from] move: Wish|[wisher] Clefable
|-damage|p2a: Seismitoad|94/100 tox|[from] psn
|upkeep
|turn|26
|inactive|amfc has 30 seconds left this turn.
|inactive|amfc has 20 seconds left.
|inactive|amfc has 15 seconds left.
|
|switch|p1a: care|Corsola-Galar, M|100/100
|move|p2a: Seismitoad|Earthquake|p1a: care
|-damage|p1a: care|83/100
|
|-heal|p2a: Seismitoad|100/100 tox|[from] item: Leftovers
|-damage|p2a: Seismitoad|88/100 tox|[from] psn
|upkeep
|turn|27
|inactive|amfc has 25 seconds left this turn.
|inactive|amfc has 20 seconds left.
|inactive|amfc has 15 seconds left.
|
|move|p2a: Seismitoad|Toxic|p1a: care
|-status|p1a: care|tox
|move|p1a: care|Stealth Rock|p2a: Seismitoad
|-sidestart|p2: dadou dada|move: Stealth Rock
|
|-heal|p2a: Seismitoad|94/100 tox|[from] item: Leftovers
|-damage|p2a: Seismitoad|76/100 tox|[from] psn
|-damage|p1a: care|77/100 tox|[from] psn
|upkeep
|turn|28
|inactive|amfc has 25 seconds left this turn.
|inactive|amfc has 20 seconds left.
|inactive|amfc has 15 seconds left.
|
|switch|p2a: Mandibuzz|Mandibuzz, F|61/100 brn
|switch|p1a: dont|Mandibuzz, F|82/100
|
|-damage|p2a: Mandibuzz|55/100 brn|[from] brn
|upkeep
|turn|29
|inactive|amfc has 25 seconds left this turn.
|inactive|amfc has 20 seconds left.
|
|move|p1a: dont|Taunt|p2a: Mandibuzz
|-start|p2a: Mandibuzz|move: Taunt
|cant|p2a: Mandibuzz|move: Taunt|Roost
|
|-damage|p2a: Mandibuzz|48/100 brn|[from] brn
|upkeep
|turn|30
|inactive|amfc has 30 seconds left this turn.
|
|switch|p2a: Clefable|Clefable, M|75/100
|move|p1a: dont|Knock Off|p2a: Clefable
|-resisted|p2a: Clefable
|-damage|p2a: Clefable|69/100
|
|upkeep
|turn|31
|inactive|amfc has 30 seconds left.
|inactive|amfc has 20 seconds left.
|
|move|p1a: dont|Taunt|p2a: Clefable
|-start|p2a: Clefable|move: Taunt
|cant|p2a: Clefable|move: Taunt|Moonlight
|
|upkeep
|turn|32
|inactive|amfc has 30 seconds left this turn.
|inactive|amfc has 20 seconds left.
|
|move|p1a: dont|Knock Off|p2a: Clefable
|-resisted|p2a: Clefable
|-damage|p2a: Clefable|63/100
|move|p2a: Clefable|Moonblast|p1a: dont
|-supereffective|p1a: dont
|-damage|p1a: dont|44/100
|-unboost|p1a: dont|spa|1
|
|upkeep
|turn|33
|inactive|amfc has 30 seconds left this turn.
|
|move|p1a: dont|Roost|p1a: dont
|-heal|p1a: dont|94/100
|-singleturn|p1a: dont|move: Roost
|move|p2a: Clefable|Moonblast|p1a: dont
|-supereffective|p1a: dont
|-damage|p1a: dont|56/100
|
|-end|p2a: Clefable|move: Taunt
|upkeep
|turn|34
|inactive|amfc has 30 seconds left.
|inactive|amfc has 20 seconds left.
|inactive|amfc has 15 seconds left.
|inactive|amfc has 10 seconds left.
|
|switch|p1a: I|Clefable, M|100/100
|move|p2a: Clefable|Moonblast|p1a: I
|-damage|p1a: I|67/100
|
|upkeep
|turn|35
|inactive|amfc has 20 seconds left this turn.
|inactive|amfc has 15 seconds left.
|inactive|amfc has 10 seconds left.
|
|move|p2a: Clefable|Protect|p2a: Clefable
|-singleturn|p2a: Clefable|Protect
|move|p1a: I|Thunderbolt|p2a: Clefable
|-activate|p2a: Clefable|move: Protect
|
|upkeep
|turn|36
|inactive|amfc has 20 seconds left this turn.
|inactive|amfc has 15 seconds left.
|
|move|p1a: I|Moonlight|p1a: I
|-heal|p1a: I|100/100
|move|p2a: Clefable|Moonlight|p2a: Clefable
|-heal|p2a: Clefable|100/100
|
|upkeep
|turn|37
|inactive|amfc has 25 seconds left this turn.
|inactive|amfc has 20 seconds left.
|
|move|p1a: I|Moonblast|p2a: Clefable
|-damage|p2a: Clefable|48/100
|-unboost|p2a: Clefable|spa|1
|move|p2a: Clefable|Wish|p2a: Clefable
|
|upkeep
|turn|38
|inactive|amfc has 30 seconds left this turn.
|
|move|p2a: Clefable|Protect|p2a: Clefable
|-singleturn|p2a: Clefable|Protect
|move|p1a: I|Moonblast|p2a: Clefable
|-activate|p2a: Clefable|move: Protect
|
|-heal|p2a: Clefable|98/100|[from] move: Wish|[wisher] Clefable
|upkeep
|turn|39
|inactive|amfc has 30 seconds left.
|
|switch|p2a: Cinderace|Cinderace, M|100/100
|move|p1a: I|Moonblast|p2a: Cinderace
|-resisted|p2a: Cinderace
|-damage|p2a: Cinderace|62/100
|
|upkeep
|turn|40
|inactive|amfc has 30 seconds left.
|inactive|amfc has 20 seconds left.
|
|switch|p1a: u?|Ditto|100/100
|-transform|p1a: u?|p2a: Cinderace|[from] ability: Imposter
|move|p2a: Cinderace|Court Change|p2a: Cinderace
|-sideend|p2: dadou dada|Stealth Rock|[silent]
|-sidestart|p1: amfc|Stealth Rock|[silent]
|-activate|p2a: Cinderace|move: Court Change
|
|upkeep
|turn|41
|inactive|amfc has 30 seconds left this turn.
|inactive|amfc has 20 seconds left.
|inactive|amfc has 15 seconds left.
|
|move|p1a: u?|Court Change|p1a: u?
|-sideend|p1: amfc|Stealth Rock|[silent]
|-sidestart|p2: dadou dada|Stealth Rock|[silent]
|-activate|p1a: u?|move: Court Change
|move|p2a: Cinderace|Pyro Ball|p1a: u?|[miss]
|-miss|p2a: Cinderace|p1a: u?
|
|upkeep
|turn|42
|inactive|amfc has 25 seconds left this turn.
|inactive|amfc has 20 seconds left.
|inactive|amfc has 15 seconds left.
|
|switch|p1a: do|Toxapex, F|100/100
|move|p2a: Cinderace|Court Change|p2a: Cinderace
|-sideend|p2: dadou dada|Stealth Rock|[silent]
|-sidestart|p1: amfc|Stealth Rock|[silent]
|-activate|p2a: Cinderace|move: Court Change
|
|upkeep
|turn|43
|inactive|amfc has 25 seconds left this turn.
|inactive|amfc has 20 seconds left.
|inactive|amfc has 15 seconds left.
|inactive|amfc has 10 seconds left.
|
|move|p2a: Cinderace|U-turn|p1a: do
|-resisted|p1a: do
|-damage|p1a: do|94/100
|inactive|amfc has 15 seconds left this turn.
|
|switch|p2a: Clefable|Clefable, M|98/100|[from]move: U-turn
|move|p1a: do|Toxic|p2a: Clefable
|-status|p2a: Clefable|tox
|
|upkeep
|turn|44
|inactive|amfc has 25 seconds left this turn.
|inactive|amfc has 20 seconds left.
|inactive|amfc has 15 seconds left.
|
|switch|p1a: I|Clefable, M|100/100
|move|p2a: Clefable|Wish|p2a: Clefable
|
|upkeep
|turn|45
|inactive|amfc has 25 seconds left this turn.
|inactive|amfc has 20 seconds left.
|inactive|amfc has 15 seconds left.
|
|switch|p2a: Corsola|Corsola-Galar, M|100/100
|move|p1a: I|Thunderbolt|p2a: Corsola
|-damage|p2a: Corsola|76/100
|
|-heal|p2a: Corsola|100/100|[from] move: Wish|[wisher] Clefable
|upkeep
|turn|46
|inactive|amfc has 25 seconds left this turn.
|inactive|amfc has 20 seconds left.
|inactive|amfc has 15 seconds left.
|
|switch|p1a: do|Toxapex, F|100/100
|-damage|p1a: do|88/100|[from] Stealth Rock
|move|p2a: Corsola|Night Shade|p1a: do
|-damage|p1a: do|55/100
|
|upkeep
|turn|47
|inactive|amfc has 25 seconds left this turn.
|inactive|amfc has 20 seconds left.
|
|switch|p2a: Mandibuzz|Mandibuzz, F|48/100 brn
|move|p1a: do|Recover|p1a: do
|-heal|p1a: do|100/100
|
|-damage|p2a: Mandibuzz|42/100 brn|[from] brn
|upkeep
|turn|48
|inactive|amfc has 30 seconds left this turn.
|inactive|amfc has 20 seconds left.
|
|switch|p1a: dont|Mandibuzz, F|56/100
|-damage|p1a: dont|31/100|[from] Stealth Rock
|move|p2a: Mandibuzz|Roost|p2a: Mandibuzz
|-heal|p2a: Mandibuzz|92/100 brn
|-singleturn|p2a: Mandibuzz|move: Roost
|
|-damage|p2a: Mandibuzz|86/100 brn|[from] brn
|upkeep
|turn|49
|inactive|amfc has 30 seconds left this turn.
|
|move|p2a: Mandibuzz|U-turn|p1a: dont
|-damage|p1a: dont|26/100
|inactive|amfc has 30 seconds left this turn.
|
|switch|p2a: Clefable|Clefable, M|98/100 tox|[from]move: U-turn
|move|p1a: dont|Roost|p1a: dont
|-heal|p1a: dont|76/100
|-singleturn|p1a: dont|move: Roost
|
|upkeep
|turn|50
|inactive|amfc has 30 seconds left.
|
|move|p1a: dont|Taunt|p2a: Clefable
|-start|p2a: Clefable|move: Taunt
|cant|p2a: Clefable|move: Taunt|Wish
|
|upkeep
|turn|51
|inactive|amfc has 30 seconds left.
|
|move|p1a: dont|Defog|p2a: Clefable
|-unboost|p2a: Clefable|evasion|1
|-sideend|p1: amfc|Stealth Rock|[from] move: Defog|[of] p1a: dont
|move|p2a: Clefable|Moonblast|p1a: dont
|-supereffective|p1a: dont
|-damage|p1a: dont|38/100
|
|upkeep
|turn|52
|inactive|amfc has 30 seconds left.
|inactive|amfc has 20 seconds left.
|inactive|amfc has 15 seconds left.
|
|switch|p1a: care|Corsola-Galar, M|77/100 tox
|move|p2a: Clefable|Moonblast|p1a: care
|-damage|p1a: care|55/100 tox
|-start|p2a: Clefable|Disable|Moonblast|[from] ability: Cursed Body|[of] p1a: care
|-unboost|p1a: care|spa|1
|
|-damage|p1a: care|48/100 tox|[from] psn
|-end|p2a: Clefable|move: Taunt
|upkeep
|turn|53
|inactive|amfc has 25 seconds left this turn.
|inactive|amfc has 20 seconds left.
|inactive|amfc has 15 seconds left.
|
|move|p2a: Clefable|Wish|p2a: Clefable
|move|p1a: care|Strength Sap|p2a: Clefable
|-unboost|p2a: Clefable|atk|1
|-heal|p1a: care|88/100 tox
|
|-damage|p1a: care|76/100 tox|[from] psn
|upkeep
|turn|54
|inactive|amfc has 25 seconds left this turn.
|inactive|amfc has 20 seconds left.
|l| babequaza
|
|switch|p2a: Cinderace|Cinderace, M|62/100
|move|p1a: care|Stealth Rock|p2a: Cinderace
|-sidestart|p2: dadou dada|move: Stealth Rock
|
|-heal|p2a: Cinderace|100/100|[from] move: Wish|[wisher] Clefable
|-damage|p1a: care|58/100 tox|[from] psn
|upkeep
|turn|55
|inactive|amfc has 30 seconds left this turn.
|j| babequaza
|inactive|amfc has 20 seconds left.
|
|move|p2a: Cinderace|Court Change|p2a: Cinderace
|-sideend|p2: dadou dada|Stealth Rock|[silent]
|-sidestart|p1: amfc|Stealth Rock|[silent]
|-activate|p2a: Cinderace|move: Court Change
|move|p1a: care|Stealth Rock|p2a: Cinderace
|-sidestart|p2: dadou dada|move: Stealth Rock
|
|-damage|p1a: care|33/100 tox|[from] psn
|upkeep
|turn|56
|inactive|amfc has 30 seconds left this turn.
|
|switch|p1a: do|Toxapex, F|100/100
|-damage|p1a: do|88/100|[from] Stealth Rock
|move|p2a: Cinderace|Taunt|p1a: do
|-start|p1a: do|move: Taunt
|
|upkeep
|turn|57
|inactive|amfc has 30 seconds left.
|
|move|p2a: Cinderace|U-turn|p1a: do
|-resisted|p1a: do
|-damage|p1a: do|81/100
|
|switch|p2a: Seismitoad|Seismitoad, M|76/100 tox|[from]move: U-turn
|-damage|p2a: Seismitoad|70/100 tox|[from] Stealth Rock
|move|p1a: do|Scald|p2a: Seismitoad
|-heal|p2a: Seismitoad|95/100 tox|[from] ability: Water Absorb|[of] p1a: do
|
|-heal|p2a: Seismitoad|100/100 tox|[from] item: Leftovers
|-damage|p2a: Seismitoad|94/100 tox|[from] psn
|upkeep
|turn|58
|inactive|amfc has 30 seconds left.
|
|switch|p1a: dont|Mandibuzz, F|38/100
|-damage|p1a: dont|13/100|[from] Stealth Rock
|move|p2a: Seismitoad|Scald|p1a: dont
|-damage|p1a: dont|0 fnt
|faint|p1a: dont
|
|-heal|p2a: Seismitoad|100/100 tox|[from] item: Leftovers
|-damage|p2a: Seismitoad|88/100 tox|[from] psn
|upkeep
|inactive|amfc has 30 seconds left this turn.
|inactive|amfc has 20 seconds left.
|inactive|amfc has 15 seconds left.
|
|switch|p1a: care|Corsola-Galar, M|33/100 tox
|-damage|p1a: care|21/100 tox|[from] Stealth Rock
|turn|59
|inactive|amfc has 25 seconds left this turn.
|inactive|dadou dada has 120 seconds left.
|
|move|p2a: Seismitoad|Scald|p1a: care
|-damage|p1a: care|3/100 tox
|move|p1a: care|Strength Sap|p2a: Seismitoad
|-unboost|p2a: Seismitoad|atk|1
|-heal|p1a: care|73/100 tox
|
|-heal|p2a: Seismitoad|94/100 tox|[from] item: Leftovers
|-damage|p2a: Seismitoad|76/100 tox|[from] psn
|-damage|p1a: care|67/100 tox|[from] psn
|upkeep
|turn|60
|inactive|amfc has 30 seconds left.
|inactive|dadou dada has 120 seconds left.
|inactive|amfc has 20 seconds left.
|
|switch|p2a: Cinderace|Cinderace, M|100/100
|switch|p1a: I|Clefable, M|100/100
|
|upkeep
|turn|61
|inactive|amfc has 30 seconds left this turn.
|
|move|p2a: Cinderace|Pyro Ball|p1a: I
|-damage|p1a: I|29/100
|-status|p1a: I|brn
|move|p1a: I|Thunderbolt|p2a: Cinderace
|-damage|p2a: Cinderace|53/100
|
|upkeep
|turn|62
|inactive|amfc has 30 seconds left.
|
|move|p2a: Cinderace|Pyro Ball|p1a: I
|-damage|p1a: I|0 fnt
|faint|p1a: I
|
|upkeep
|l| babequaza
|inactive|amfc has 30 seconds left.
|c|☆amfc|gg
|-message|amfc forfeited.
|
|win|dadou dada
|l|☆amfc
|j| babequaza
|l| babequaza
|raw|amfc's rating: 1077 → 1058(-19 for losing)
|raw|dadou dada's rating: 1105 → 1128(+23 for winning)
