|ScrapeTime|2020-01-01-22:28:33
|j|☆Rheinmetal
|j|☆Fffffrrrrreeeez
|player|p1|Rheinmetal|cynthia|1337
|player|p2|Fffffrrrrreeeez|1|1350
|teamsize|p1|6
|teamsize|p2|6
|gametype|singles
|gen|8
|tier|[Gen 8] OU
|rated|
|rule|Sleep Clause Mod: Limit one foe put to sleep
|rule|Species Clause: Limit one of each Pokémon
|rule|OHKO Clause: OHKO moves are banned
|rule|Evasion Moves Clause: Evasion moves are banned
|rule|Endless Battle Clause: Forcing endless battles is banned
|rule|HP Percentage Mod: HP is shown in percentages
|clearpoke
|poke|p1|Hippowdon, M|
|poke|p1|Excadrill, F|
|poke|p1|Tyranitar, F|
|poke|p1|Bisharp, M|
|poke|p1|Rotom-Mow|
|poke|p1|Conkeldurr, M|
|poke|p2|Toxicroak, F|
|poke|p2|Hawlucha, M|
|poke|p2|Dragapult, F|
|poke|p2|Araquanid, F|
|poke|p2|Excadrill, M|
|poke|p2|Indeedee, M|
|rule|Dynamax Clause: You cannot dynamax
|teampreview
|inactive|Battle timer is ON: inactive players will automatically lose when time's up. (requested by Rheinmetal)
|
|start
|switch|p1a: Hippowdon|Hippowdon, M|100/100
|switch|p2a: Hawlucha|Hawlucha, M|100/100
|-weather|Sandstorm|[from] ability: Sand Stream|[of] p1a: Hippowdon
|turn|1
|
|switch|p2a: Araquanid|Araquanid, F|100/100
|move|p1a: Hippowdon|Stealth Rock|p2a: Araquanid
|-sidestart|p2: Fffffrrrrreeeez|move: Stealth Rock
|
|-weather|Sandstorm|[upkeep]
|-damage|p2a: Araquanid|94/100|[from] Sandstorm
|upkeep
|turn|2
|
|switch|p1a: Rotom|Rotom-Mow, shiny|100/100
|move|p2a: Araquanid|Leech Life|p1a: Rotom
|-supereffective|p1a: Rotom
|-damage|p1a: Rotom|15/100
|-heal|p2a: Araquanid|100/100|[from] drain|[of] p1a: Rotom
|
|-weather|Sandstorm|[upkeep]
|-damage|p1a: Rotom|9/100|[from] Sandstorm
|-damage|p2a: Araquanid|94/100|[from] Sandstorm
|upkeep
|turn|3
|
|switch|p2a: Excadrill|Excadrill, M|100/100
|-damage|p2a: Excadrill|97/100|[from] Stealth Rock
|-ability|p2a: Excadrill|Mold Breaker
|move|p1a: Rotom|Volt Switch|p2a: Excadrill
|-immune|p2a: Excadrill
|
|-weather|Sandstorm|[upkeep]
|-damage|p1a: Rotom|3/100|[from] Sandstorm
|upkeep
|turn|4
|
|switch|p1a: Conkeldurr|Conkeldurr, M|100/100
|move|p2a: Excadrill|Rapid Spin|p1a: Conkeldurr
|-damage|p1a: Conkeldurr|84/100
|-sideend|p2: Fffffrrrrreeeez|Stealth Rock|[from] move: Rapid Spin|[of] p2a: Excadrill
|-boost|p2a: Excadrill|spe|1
|
|-weather|Sandstorm|[upkeep]
|-damage|p1a: Conkeldurr|78/100|[from] Sandstorm
|-heal|p1a: Conkeldurr|84/100|[from] item: Leftovers
|upkeep
|turn|5
|
|switch|p2a: Indeedee|Indeedee, M|100/100
|-fieldstart|move: Psychic Terrain|[from] ability: Psychic Surge|[of] p2a: Indeedee
|move|p1a: Conkeldurr|Mach Punch|p2a: Indeedee
|-activate|p2a: Indeedee|move: Psychic Terrain
|
|-weather|none
|-heal|p1a: Conkeldurr|90/100|[from] item: Leftovers
|upkeep
|turn|6
|
|switch|p1a: Tyranitar|Tyranitar, F|100/100
|-weather|Sandstorm|[from] ability: Sand Stream|[of] p1a: Tyranitar
|move|p2a: Indeedee|Dazzling Gleam|p1a: Tyranitar
|-supereffective|p1a: Tyranitar
|-damage|p1a: Tyranitar|73/100
|
|-weather|Sandstorm|[upkeep]
|-damage|p2a: Indeedee|94/100|[from] Sandstorm
|upkeep
|turn|7
|
|switch|p2a: Toxicroak|Toxicroak, F|100/100
|move|p1a: Tyranitar|Crunch|p2a: Toxicroak
|-resisted|p2a: Toxicroak
|-damage|p2a: Toxicroak|64/100
|-unboost|p2a: Toxicroak|def|1
|
|-weather|Sandstorm|[upkeep]
|-damage|p2a: Toxicroak|58/100|[from] Sandstorm
|-heal|p2a: Toxicroak|64/100|[from] item: Leftovers
|upkeep
|turn|8
|
|switch|p2a: Araquanid|Araquanid, F|94/100
|switch|p1a: Hippowdon|Hippowdon, M|100/100
|
|-weather|Sandstorm|[upkeep]
|-damage|p2a: Araquanid|88/100|[from] Sandstorm
|upkeep
|turn|9
|
|move|p1a: Hippowdon|Stealth Rock|p2a: Araquanid
|-sidestart|p2: Fffffrrrrreeeez|move: Stealth Rock
|move|p2a: Araquanid|Liquidation|p1a: Hippowdon
|-supereffective|p1a: Hippowdon
|-damage|p1a: Hippowdon|17/100
|
|-weather|Sandstorm|[upkeep]
|-damage|p2a: Araquanid|82/100|[from] Sandstorm
|-heal|p1a: Hippowdon|23/100|[from] item: Leftovers
|-fieldend|move: Psychic Terrain
|upkeep
|turn|10
|
|move|p1a: Hippowdon|Earthquake|p2a: Araquanid
|-resisted|p2a: Araquanid
|-damage|p2a: Araquanid|63/100
|move|p2a: Araquanid|Leech Life|p1a: Hippowdon
|-damage|p1a: Hippowdon|7/100
|-heal|p2a: Araquanid|73/100|[from] drain|[of] p1a: Hippowdon
|
|-weather|none
|-heal|p1a: Hippowdon|14/100|[from] item: Leftovers
|upkeep
|turn|11
|
|move|p1a: Hippowdon|Earthquake|p2a: Araquanid
|-resisted|p2a: Araquanid
|-damage|p2a: Araquanid|53/100
|move|p2a: Araquanid|Giga Drain|p1a: Hippowdon
|-supereffective|p1a: Hippowdon
|-damage|p1a: Hippowdon|0 fnt
|-heal|p2a: Araquanid|61/100|[from] drain|[of] p1a: Hippowdon
|faint|p1a: Hippowdon
|
|upkeep
|
|switch|p1a: Rotom|Rotom-Mow, shiny|3/100
|turn|12
|
|switch|p2a: Dragapult|Dragapult, F|100/100
|-damage|p2a: Dragapult|88/100|[from] Stealth Rock
|move|p1a: Rotom|Leaf Storm|p2a: Dragapult
|-resisted|p2a: Dragapult
|-damage|p2a: Dragapult|51/100
|-unboost|p1a: Rotom|spa|2
|
|upkeep
|turn|13
|
|switch|p1a: Tyranitar|Tyranitar, F|73/100
|-weather|Sandstorm|[from] ability: Sand Stream|[of] p1a: Tyranitar
|move|p2a: Dragapult|Surf|p1a: Tyranitar
|-supereffective|p1a: Tyranitar
|-damage|p1a: Tyranitar|52/100
|
|-weather|Sandstorm|[upkeep]
|-damage|p2a: Dragapult|45/100|[from] Sandstorm
|upkeep
|turn|14
|
|switch|p2a: Toxicroak|Toxicroak, F|64/100
|-damage|p2a: Toxicroak|58/100|[from] Stealth Rock
|move|p1a: Tyranitar|Crunch|p2a: Toxicroak
|-resisted|p2a: Toxicroak
|-damage|p2a: Toxicroak|24/100
|
|-weather|Sandstorm|[upkeep]
|-damage|p2a: Toxicroak|18/100|[from] Sandstorm
|-heal|p2a: Toxicroak|24/100|[from] item: Leftovers
|upkeep
|turn|15
|
|switch|p1a: Conkeldurr|Conkeldurr, M|90/100
|move|p2a: Toxicroak|Gunk Shot|p1a: Conkeldurr|[miss]
|-miss|p2a: Toxicroak|p1a: Conkeldurr
|
|-weather|Sandstorm|[upkeep]
|-damage|p2a: Toxicroak|18/100|[from] Sandstorm
|-damage|p1a: Conkeldurr|84/100|[from] Sandstorm
|-heal|p2a: Toxicroak|24/100|[from] item: Leftovers
|-heal|p1a: Conkeldurr|90/100|[from] item: Leftovers
|upkeep
|turn|16
|
|move|p2a: Toxicroak|Thunder Punch|p1a: Conkeldurr
|-damage|p1a: Conkeldurr|70/100
|move|p1a: Conkeldurr|Fire Punch|p2a: Toxicroak
|-damage|p2a: Toxicroak|0 fnt
|faint|p2a: Toxicroak
|
|-weather|Sandstorm|[upkeep]
|-damage|p1a: Conkeldurr|64/100|[from] Sandstorm
|-heal|p1a: Conkeldurr|70/100|[from] item: Leftovers
|upkeep
|inactive|Fffffrrrrreeeez has 120 seconds left.
|
|switch|p2a: Hawlucha|Hawlucha, M|100/100
|-damage|p2a: Hawlucha|88/100|[from] Stealth Rock
|turn|17
|
|move|p2a: Hawlucha|Substitute|p2a: Hawlucha
|-start|p2a: Hawlucha|Substitute
|-damage|p2a: Hawlucha|63/100
|move|p1a: Conkeldurr|Ice Punch|p2a: Hawlucha
|-supereffective|p2a: Hawlucha
|-end|p2a: Hawlucha|Substitute
|
|-weather|none
|-heal|p1a: Conkeldurr|76/100|[from] item: Leftovers
|upkeep
|turn|18
|
|move|p2a: Hawlucha|Substitute|p2a: Hawlucha
|-start|p2a: Hawlucha|Substitute
|-damage|p2a: Hawlucha|38/100
|move|p1a: Conkeldurr|Ice Punch|p2a: Hawlucha
|-supereffective|p2a: Hawlucha
|-end|p2a: Hawlucha|Substitute
|
|-heal|p1a: Conkeldurr|82/100|[from] item: Leftovers
|upkeep
|turn|19
|
|move|p2a: Hawlucha|Substitute|p2a: Hawlucha
|-start|p2a: Hawlucha|Substitute
|-damage|p2a: Hawlucha|13/100
|-enditem|p2a: Hawlucha|Liechi Berry|[eat]
|-boost|p2a: Hawlucha|atk|1
|move|p1a: Conkeldurr|Ice Punch|p2a: Hawlucha
|-supereffective|p2a: Hawlucha
|-end|p2a: Hawlucha|Substitute
|
|-heal|p1a: Conkeldurr|88/100|[from] item: Leftovers
|upkeep
|turn|20
|
|move|p2a: Hawlucha|Acrobatics|p1a: Conkeldurr
|-supereffective|p1a: Conkeldurr
|-damage|p1a: Conkeldurr|0 fnt
|faint|p1a: Conkeldurr
|
|upkeep
|
|switch|p1a: Bisharp|Bisharp, M, shiny|100/100
|turn|21
|
|move|p1a: Bisharp|Sucker Punch||[still]
|-fail|p1a: Bisharp
|move|p2a: Hawlucha|Swords Dance|p2a: Hawlucha
|-boost|p2a: Hawlucha|atk|2
|
|upkeep
|turn|22
|
|switch|p2a: Excadrill|Excadrill, M|97/100
|-damage|p2a: Excadrill|94/100|[from] Stealth Rock
|-ability|p2a: Excadrill|Mold Breaker
|move|p1a: Bisharp|Sucker Punch||[still]
|-fail|p1a: Bisharp
|
|upkeep
|turn|23
|
|move|p1a: Bisharp|Sucker Punch|p2a: Excadrill
|-damage|p2a: Excadrill|30/100
|move|p2a: Excadrill|Rapid Spin|p1a: Bisharp
|-resisted|p1a: Bisharp
|-damage|p1a: Bisharp|89/100
|-sideend|p2: Fffffrrrrreeeez|Stealth Rock|[from] move: Rapid Spin|[of] p2a: Excadrill
|-boost|p2a: Excadrill|spe|1
|
|upkeep
|turn|24
|
|switch|p2a: Indeedee|Indeedee, M|94/100
|-fieldstart|move: Psychic Terrain|[from] ability: Psychic Surge|[of] p2a: Indeedee
|move|p1a: Bisharp|Sucker Punch||[still]
|-fail|p1a: Bisharp
|
|upkeep
|turn|25
|
|move|p2a: Indeedee|Dazzling Gleam|p1a: Bisharp
|-damage|p1a: Bisharp|27/100
|move|p1a: Bisharp|Throat Chop|p2a: Indeedee
|-supereffective|p2a: Indeedee
|-damage|p2a: Indeedee|0 fnt
|faint|p2a: Indeedee
|
|upkeep
|inactive|Fffffrrrrreeeez has 120 seconds left.
|
|switch|p2a: Excadrill|Excadrill, M|30/100
|-ability|p2a: Excadrill|Mold Breaker
|turn|26
|
|move|p1a: Bisharp|Sucker Punch|p2a: Excadrill
|-activate|p2a: Excadrill|move: Psychic Terrain
|move|p2a: Excadrill|Earthquake|p1a: Bisharp
|-supereffective|p1a: Bisharp
|-damage|p1a: Bisharp|0 fnt
|faint|p1a: Bisharp
|
|upkeep
|
|switch|p1a: Rotom|Rotom-Mow, shiny|3/100
|turn|27
|
|move|p2a: Excadrill|Earthquake|p1a: Rotom
|-damage|p1a: Rotom|0 fnt
|faint|p1a: Rotom
|
|upkeep
|
|switch|p1a: Tyranitar|Tyranitar, F|52/100
|-weather|Sandstorm|[from] ability: Sand Stream|[of] p1a: Tyranitar
|turn|28
|
|move|p2a: Excadrill|Earthquake|p1a: Tyranitar
|-supereffective|p1a: Tyranitar
|-damage|p1a: Tyranitar|0 fnt
|faint|p1a: Tyranitar
|
|-weather|Sandstorm|[upkeep]
|-fieldend|move: Psychic Terrain
|upkeep
|
|switch|p1a: Excadrill|Excadrill, F|100/100
|turn|29
|
|move|p1a: Excadrill|Earthquake|p2a: Excadrill
|-supereffective|p2a: Excadrill
|-damage|p2a: Excadrill|0 fnt
|-damage|p1a: Excadrill|91/100|[from] item: Life Orb
|faint|p2a: Excadrill
|
|-weather|Sandstorm|[upkeep]
|upkeep
|
|switch|p2a: Dragapult|Dragapult, F|45/100
|turn|30
|
|move|p2a: Dragapult|Fire Blast|p1a: Excadrill
|-supereffective|p1a: Excadrill
|-damage|p1a: Excadrill|1/100
|move|p1a: Excadrill|Earthquake|p2a: Dragapult
|-damage|p2a: Dragapult|0 fnt
|-damage|p1a: Excadrill|0 fnt|[from] item: Life Orb
|faint|p2a: Dragapult
|faint|p1a: Excadrill
|
|win|Fffffrrrrreeeez
|l|☆Rheinmetal
|raw|Rheinmetal's rating: 1313 → 1295(-18 for losing)
|raw|Fffffrrrrreeeez's rating: 1350 → 1368(+18 for winning)
