|ScrapeTime|2020-01-01-20:55:32
|j|☆mynameisntskrillex
|j|☆sucker for oli
|player|p1|mynameisntskrillex|78|1498
|player|p2|sucker for oli|waiter-gen4dp|1483
|teamsize|p1|6
|teamsize|p2|6
|gametype|singles
|gen|8
|tier|[Gen 8] OU
|rated|
|rule|Sleep Clause Mod: Limit one foe put to sleep
|rule|Species Clause: Limit one of each Pokémon
|rule|OHKO Clause: OHKO moves are banned
|rule|Evasion Moves Clause: Evasion moves are banned
|rule|Endless Battle Clause: Forcing endless battles is banned
|rule|HP Percentage Mod: HP is shown in percentages
|clearpoke
|poke|p1|Tyranitar, F|
|poke|p1|Excadrill, M|
|poke|p1|Grimmsnarl, M|
|poke|p1|Corviknight, M|
|poke|p1|Seismitoad, F|
|poke|p1|Dracozolt|
|poke|p2|Toxtricity-Low-Key, M|
|poke|p2|Dragapult, M|
|poke|p2|Mandibuzz, F|
|poke|p2|Ferrothorn, F|
|poke|p2|Corviknight, F|
|poke|p2|Toxapex, M|
|rule|Dynamax Clause: You cannot dynamax
|teampreview
|j| SS-YT
|
|start
|switch|p1a: Tyranitar|Tyranitar, F|100/100
|switch|p2a: Toxtricity|Toxtricity-Low-Key, M|100/100
|-weather|Sandstorm|[from] ability: Sand Stream|[of] p1a: Tyranitar
|turn|1
|c| SS-YT|hi skrillex
|inactive|Battle timer is ON: inactive players will automatically lose when time's up. (requested by sucker for oli)
|
|move|p2a: Toxtricity|Volt Switch|p1a: Tyranitar
|-damage|p1a: Tyranitar|66/100
|c|☆sucker for oli|big fan big fan
|
|switch|p2a: Toxapex|Toxapex, M, shiny|100/100|[from]move: Volt Switch
|move|p1a: Tyranitar|Fire Punch|p2a: Toxapex
|-resisted|p2a: Toxapex
|-damage|p2a: Toxapex|86/100
|
|-weather|Sandstorm|[upkeep]
|-damage|p2a: Toxapex|80/100|[from] Sandstorm
|-heal|p2a: Toxapex|86/100|[from] item: Black Sludge
|upkeep
|turn|2
|
|switch|p1a: Seismitoad|Seismitoad, F|100/100
|move|p2a: Toxapex|Toxic Spikes|p1a: Seismitoad
|-sidestart|p1: mynameisntskrillex|move: Toxic Spikes
|
|-weather|Sandstorm|[upkeep]
|-damage|p2a: Toxapex|80/100|[from] Sandstorm
|-heal|p2a: Toxapex|86/100|[from] item: Black Sludge
|upkeep
|turn|3
|
|move|p1a: Seismitoad|Stealth Rock|p2a: Toxapex
|-sidestart|p2: sucker for oli|move: Stealth Rock
|move|p2a: Toxapex|Toxic Spikes|p1a: Seismitoad
|-sidestart|p1: mynameisntskrillex|move: Toxic Spikes
|
|-weather|Sandstorm|[upkeep]
|-damage|p2a: Toxapex|80/100|[from] Sandstorm
|-heal|p2a: Toxapex|86/100|[from] item: Black Sludge
|upkeep
|turn|4
|
|move|p1a: Seismitoad|Earth Power|p2a: Toxapex
|-supereffective|p2a: Toxapex
|-damage|p2a: Toxapex|44/100
|move|p2a: Toxapex|Scald|p1a: Seismitoad
|-immune|p1a: Seismitoad|[from] ability: Water Absorb
|
|-weather|Sandstorm|[upkeep]
|-damage|p2a: Toxapex|38/100|[from] Sandstorm
|-heal|p2a: Toxapex|44/100|[from] item: Black Sludge
|upkeep
|turn|5
|
|switch|p1a: Corviknight|Corviknight, M|100/100
|-ability|p1a: Corviknight|Pressure
|switch|p2a: Ferrothorn|Ferrothorn, F, shiny|100/100
|-damage|p2a: Ferrothorn|94/100|[from] Stealth Rock
|
|-weather|none
|-heal|p2a: Ferrothorn|100/100|[from] item: Leftovers
|upkeep
|turn|6
|
|move|p1a: Corviknight|Substitute|p1a: Corviknight
|-start|p1a: Corviknight|Substitute
|-damage|p1a: Corviknight|76/100
|move|p2a: Ferrothorn|Leech Seed||[still]
|-fail|p2a: Ferrothorn
|
|-heal|p1a: Corviknight|82/100|[from] item: Leftovers
|upkeep
|turn|7
|
|switch|p2a: Toxtricity|Toxtricity-Low-Key, M|100/100
|-damage|p2a: Toxtricity|88/100|[from] Stealth Rock
|move|p1a: Corviknight|Defog|p2a: Toxtricity
|-unboost|p2a: Toxtricity|evasion|1
|-sideend|p2: sucker for oli|Stealth Rock|[from] move: Defog|[of] p1a: Corviknight
|-sideend|p1: mynameisntskrillex|Toxic Spikes|[from] move: Defog|[of] p1a: Corviknight
|
|-heal|p1a: Corviknight|88/100|[from] item: Leftovers
|upkeep
|turn|8
|
|switch|p1a: Excadrill|Excadrill, M|100/100
|move|p2a: Toxtricity|Boomburst|p1a: Excadrill
|-resisted|p1a: Excadrill
|-damage|p1a: Excadrill|40/100
|
|upkeep
|turn|9
|
|switch|p2a: Corviknight|Corviknight, F|100/100
|-ability|p2a: Corviknight|Pressure
|move|p1a: Excadrill|Swords Dance|p1a: Excadrill
|-boost|p1a: Excadrill|atk|2
|
|upkeep
|turn|10
|
|move|p1a: Excadrill|Rock Slide|p2a: Corviknight
|-crit|p2a: Corviknight
|-damage|p2a: Corviknight|17/100
|-damage|p1a: Excadrill|30/100|[from] item: Life Orb
|cant|p2a: Corviknight|flinch
|
|-heal|p2a: Corviknight|23/100|[from] item: Leftovers
|upkeep
|turn|11
|
|switch|p2a: Ferrothorn|Ferrothorn, F, shiny|100/100
|move|p1a: Excadrill|Rock Slide|p2a: Ferrothorn
|-resisted|p2a: Ferrothorn
|-damage|p2a: Ferrothorn|78/100
|-damage|p1a: Excadrill|20/100|[from] item: Life Orb
|
|-heal|p2a: Ferrothorn|84/100|[from] item: Leftovers
|upkeep
|turn|12
|
|switch|p2a: Corviknight|Corviknight, F|23/100
|-ability|p2a: Corviknight|Pressure
|move|p1a: Excadrill|Earthquake|p2a: Corviknight
|-immune|p2a: Corviknight
|
|-heal|p2a: Corviknight|30/100|[from] item: Leftovers
|upkeep
|turn|13
|
|move|p1a: Excadrill|Earthquake|p2a: Corviknight
|-immune|p2a: Corviknight
|move|p2a: Corviknight|Roost|p2a: Corviknight
|-heal|p2a: Corviknight|80/100
|-singleturn|p2a: Corviknight|move: Roost
|
|-heal|p2a: Corviknight|86/100|[from] item: Leftovers
|upkeep
|turn|14
|
|switch|p1a: Tyranitar|Tyranitar, F|66/100
|-weather|Sandstorm|[from] ability: Sand Stream|[of] p1a: Tyranitar
|move|p2a: Corviknight|Brave Bird|p1a: Tyranitar
|-resisted|p1a: Tyranitar
|-damage|p1a: Tyranitar|47/100
|-damage|p2a: Corviknight|81/100|[from] Recoil
|
|-weather|Sandstorm|[upkeep]
|-heal|p2a: Corviknight|87/100|[from] item: Leftovers
|upkeep
|turn|15
|
|switch|p2a: Toxapex|Toxapex, M, shiny|77/100
|move|p1a: Tyranitar|Fire Punch|p2a: Toxapex
|-resisted|p2a: Toxapex
|-damage|p2a: Toxapex|64/100
|
|-weather|Sandstorm|[upkeep]
|-damage|p2a: Toxapex|58/100|[from] Sandstorm
|-heal|p2a: Toxapex|64/100|[from] item: Black Sludge
|upkeep
|turn|16
|
|switch|p1a: Dracozolt|Dracozolt|100/100
|move|p2a: Toxapex|Scald|p1a: Dracozolt
|-resisted|p1a: Dracozolt
|-damage|p1a: Dracozolt|89/100
|-status|p1a: Dracozolt|brn
|
|-weather|Sandstorm|[upkeep]
|-damage|p1a: Dracozolt|83/100 brn|[from] Sandstorm
|-damage|p2a: Toxapex|58/100|[from] Sandstorm
|-heal|p2a: Toxapex|64/100|[from] item: Black Sludge
|-damage|p1a: Dracozolt|77/100 brn|[from] brn
|upkeep
|turn|17
|
|switch|p2a: Ferrothorn|Ferrothorn, F, shiny|84/100
|move|p1a: Dracozolt|Fire Fang|p2a: Ferrothorn
|-supereffective|p2a: Ferrothorn
|-damage|p2a: Ferrothorn|50/100
|-damage|p1a: Dracozolt|64/100 brn|[from] ability: Iron Barbs|[of] p2a: Ferrothorn
|
|-weather|Sandstorm|[upkeep]
|-damage|p1a: Dracozolt|58/100 brn|[from] Sandstorm
|-heal|p2a: Ferrothorn|56/100|[from] item: Leftovers
|-damage|p1a: Dracozolt|52/100 brn|[from] brn
|upkeep
|turn|18
|
|move|p1a: Dracozolt|Fire Fang|p2a: Ferrothorn
|-supereffective|p2a: Ferrothorn
|-damage|p2a: Ferrothorn|21/100
|-damage|p1a: Dracozolt|39/100 brn|[from] ability: Iron Barbs|[of] p2a: Ferrothorn
|move|p2a: Ferrothorn|Leech Seed|p1a: Dracozolt|[miss]
|-miss|p2a: Ferrothorn|p1a: Dracozolt
|
|-weather|none
|-heal|p2a: Ferrothorn|27/100|[from] item: Leftovers
|-damage|p1a: Dracozolt|33/100 brn|[from] brn
|upkeep
|turn|19
|
|switch|p1a: Excadrill|Excadrill, M|20/100
|move|p2a: Ferrothorn|Protect||[still]
|-fail|p2a: Ferrothorn
|
|-heal|p2a: Ferrothorn|34/100|[from] item: Leftovers
|upkeep
|turn|20
|
|switch|p2a: Corviknight|Corviknight, F|87/100
|-ability|p2a: Corviknight|Pressure
|move|p1a: Excadrill|Swords Dance|p1a: Excadrill
|-boost|p1a: Excadrill|atk|2
|
|-heal|p2a: Corviknight|93/100|[from] item: Leftovers
|upkeep
|turn|21
|
|move|p1a: Excadrill|Rock Slide|p2a: Corviknight
|-damage|p2a: Corviknight|31/100
|-damage|p1a: Excadrill|10/100|[from] item: Life Orb
|move|p2a: Corviknight|Roost|p2a: Corviknight
|-heal|p2a: Corviknight|81/100
|-singleturn|p2a: Corviknight|move: Roost
|
|-heal|p2a: Corviknight|88/100|[from] item: Leftovers
|upkeep
|turn|22
|
|move|p1a: Excadrill|Swords Dance|p1a: Excadrill
|-boost|p1a: Excadrill|atk|2
|move|p2a: Corviknight|Brave Bird|p1a: Excadrill
|-resisted|p1a: Excadrill
|-damage|p1a: Excadrill|0 fnt
|-damage|p2a: Corviknight|85/100|[from] Recoil
|faint|p1a: Excadrill
|
|-heal|p2a: Corviknight|91/100|[from] item: Leftovers
|upkeep
|
|switch|p1a: Grimmsnarl|Grimmsnarl, M|100/100
|turn|23
|
|move|p1a: Grimmsnarl|Bulk Up|p1a: Grimmsnarl
|-boost|p1a: Grimmsnarl|atk|1
|-boost|p1a: Grimmsnarl|def|1
|move|p2a: Corviknight|Bulk Up|p2a: Corviknight
|-boost|p2a: Corviknight|atk|1
|-boost|p2a: Corviknight|def|1
|
|-heal|p2a: Corviknight|97/100|[from] item: Leftovers
|upkeep
|turn|24
|
|move|p1a: Grimmsnarl|Bulk Up|p1a: Grimmsnarl
|-boost|p1a: Grimmsnarl|atk|1
|-boost|p1a: Grimmsnarl|def|1
|move|p2a: Corviknight|Brave Bird|p1a: Grimmsnarl
|-damage|p1a: Grimmsnarl|68/100
|-damage|p2a: Corviknight|86/100|[from] Recoil
|
|-heal|p2a: Corviknight|93/100|[from] item: Leftovers
|-heal|p1a: Grimmsnarl|74/100|[from] item: Leftovers
|upkeep
|turn|25
|
|switch|p2a: Toxapex|Toxapex, M, shiny|97/100
|move|p1a: Grimmsnarl|Bulk Up|p1a: Grimmsnarl
|-boost|p1a: Grimmsnarl|atk|1
|-boost|p1a: Grimmsnarl|def|1
|
|-heal|p1a: Grimmsnarl|80/100|[from] item: Leftovers
|-heal|p2a: Toxapex|100/100|[from] item: Black Sludge
|upkeep
|turn|26
|
|move|p1a: Grimmsnarl|Darkest Lariat|p2a: Toxapex
|-damage|p2a: Toxapex|47/100
|move|p2a: Toxapex|Haze|p2a: Toxapex
|-clearallboost
|
|-heal|p1a: Grimmsnarl|86/100|[from] item: Leftovers
|-heal|p2a: Toxapex|53/100|[from] item: Black Sludge
|upkeep
|turn|27
|
|switch|p1a: Tyranitar|Tyranitar, F|47/100
|-weather|Sandstorm|[from] ability: Sand Stream|[of] p1a: Tyranitar
|move|p2a: Toxapex|Recover|p2a: Toxapex
|-heal|p2a: Toxapex|100/100
|
|-weather|Sandstorm|[upkeep]
|-damage|p2a: Toxapex|94/100|[from] Sandstorm
|-heal|p2a: Toxapex|100/100|[from] item: Black Sludge
|upkeep
|turn|28
|
|move|p1a: Tyranitar|Stone Edge|p2a: Toxapex|[miss]
|-miss|p1a: Tyranitar|p2a: Toxapex
|move|p2a: Toxapex|Toxic Spikes|p1a: Tyranitar
|-sidestart|p1: mynameisntskrillex|move: Toxic Spikes
|
|-weather|Sandstorm|[upkeep]
|-damage|p2a: Toxapex|94/100|[from] Sandstorm
|-heal|p2a: Toxapex|100/100|[from] item: Black Sludge
|upkeep
|turn|29
|
|move|p1a: Tyranitar|Stone Edge|p2a: Toxapex
|-damage|p2a: Toxapex|44/100
|move|p2a: Toxapex|Scald|p1a: Tyranitar
|-supereffective|p1a: Tyranitar
|-damage|p1a: Tyranitar|24/100
|
|-weather|Sandstorm|[upkeep]
|-damage|p2a: Toxapex|38/100|[from] Sandstorm
|-heal|p2a: Toxapex|44/100|[from] item: Black Sludge
|upkeep
|turn|30
|
|switch|p2a: Ferrothorn|Ferrothorn, F, shiny|34/100
|move|p1a: Tyranitar|Stone Edge|p2a: Ferrothorn
|-resisted|p2a: Ferrothorn
|-damage|p2a: Ferrothorn|8/100
|
|-weather|Sandstorm|[upkeep]
|-heal|p2a: Ferrothorn|14/100|[from] item: Leftovers
|upkeep
|turn|31
|
|move|p2a: Ferrothorn|Protect|p2a: Ferrothorn
|-singleturn|p2a: Ferrothorn|Protect
|move|p1a: Tyranitar|Stone Edge|p2a: Ferrothorn
|-activate|p2a: Ferrothorn|move: Protect
|
|-weather|none
|-heal|p2a: Ferrothorn|20/100|[from] item: Leftovers
|upkeep
|turn|32
|
|move|p1a: Tyranitar|Stone Edge|p2a: Ferrothorn
|-resisted|p2a: Ferrothorn
|-damage|p2a: Ferrothorn|0 fnt
|faint|p2a: Ferrothorn
|
|upkeep
|
|switch|p2a: Toxtricity|Toxtricity-Low-Key, M|88/100
|turn|33
|
|switch|p1a: Dracozolt|Dracozolt|33/100 brn
|move|p2a: Toxtricity|Boomburst|p1a: Dracozolt
|-damage|p1a: Dracozolt|0 fnt
|faint|p1a: Dracozolt
|
|upkeep
|
|switch|p1a: Corviknight|Corviknight, M|88/100
|-ability|p1a: Corviknight|Pressure
|turn|34
|
|switch|p2a: Dragapult|Dragapult, M|100/100
|move|p1a: Corviknight|Defog|p2a: Dragapult
|-unboost|p2a: Dragapult|evasion|1
|-sideend|p1: mynameisntskrillex|Toxic Spikes|[from] move: Defog|[of] p1a: Corviknight
|
|-heal|p1a: Corviknight|94/100|[from] item: Leftovers
|upkeep
|turn|35
|
|switch|p1a: Grimmsnarl|Grimmsnarl, M|86/100
|move|p2a: Dragapult|U-turn|p1a: Grimmsnarl
|-crit|p1a: Grimmsnarl
|-damage|p1a: Grimmsnarl|57/100
|
|switch|p2a: Toxtricity|Toxtricity-Low-Key, M|88/100|[from]move: U-turn
|
|-heal|p1a: Grimmsnarl|63/100|[from] item: Leftovers
|upkeep
|turn|36
|
|move|p1a: Grimmsnarl|Light Screen|p1a: Grimmsnarl
|-sidestart|p1: mynameisntskrillex|move: Light Screen
|move|p2a: Toxtricity|Boomburst|p1a: Grimmsnarl
|-crit|p1a: Grimmsnarl
|-damage|p1a: Grimmsnarl|0 fnt
|faint|p1a: Grimmsnarl
|
|upkeep
|
|switch|p1a: Tyranitar|Tyranitar, F|24/100
|-weather|Sandstorm|[from] ability: Sand Stream|[of] p1a: Tyranitar
|turn|37
|
|switch|p2a: Corviknight|Corviknight, F|93/100
|-ability|p2a: Corviknight|Pressure
|move|p1a: Tyranitar|Stone Edge|p2a: Corviknight
|-damage|p2a: Corviknight|22/100
|
|-weather|Sandstorm|[upkeep]
|-heal|p2a: Corviknight|28/100|[from] item: Leftovers
|upkeep
|turn|38
|
|switch|p2a: Toxapex|Toxapex, M, shiny|77/100
|move|p1a: Tyranitar|Stone Edge|p2a: Toxapex
|-damage|p2a: Toxapex|23/100
|
|-weather|Sandstorm|[upkeep]
|-damage|p2a: Toxapex|17/100|[from] Sandstorm
|-heal|p2a: Toxapex|23/100|[from] item: Black Sludge
|upkeep
|turn|39
|
|switch|p2a: Corviknight|Corviknight, F|28/100
|-ability|p2a: Corviknight|Pressure
|-activate|p1a: Tyranitar|move: Struggle
|move|p1a: Tyranitar|Struggle|p2a: Corviknight
|-damage|p2a: Corviknight|7/100
|-damage|p1a: Tyranitar|0 fnt|[from] recoil
|faint|p1a: Tyranitar
|
|-weather|Sandstorm|[upkeep]
|-heal|p2a: Corviknight|13/100|[from] item: Leftovers
|upkeep
|
|switch|p1a: Seismitoad|Seismitoad, F|100/100
|turn|40
|
|move|p1a: Seismitoad|Earth Power|p2a: Corviknight
|-immune|p2a: Corviknight
|move|p2a: Corviknight|Roost|p2a: Corviknight
|-heal|p2a: Corviknight|63/100
|-singleturn|p2a: Corviknight|move: Roost
|
|-weather|Sandstorm|[upkeep]
|-heal|p2a: Corviknight|69/100|[from] item: Leftovers
|-sideend|p1: mynameisntskrillex|move: Light Screen
|upkeep
|turn|41
|
|move|p1a: Seismitoad|Stealth Rock|p2a: Corviknight
|-sidestart|p2: sucker for oli|move: Stealth Rock
|move|p2a: Corviknight|Roost|p2a: Corviknight
|-heal|p2a: Corviknight|100/100
|-singleturn|p2a: Corviknight|move: Roost
|
|-weather|none
|upkeep
|turn|42
|
|move|p1a: Seismitoad|Scald|p2a: Corviknight
|-damage|p2a: Corviknight|83/100
|move|p2a: Corviknight|Substitute|p2a: Corviknight
|-start|p2a: Corviknight|Substitute
|-damage|p2a: Corviknight|58/100
|
|-heal|p2a: Corviknight|64/100|[from] item: Leftovers
|upkeep
|turn|43
|
|move|p1a: Seismitoad|Scald|p2a: Corviknight
|-activate|p2a: Corviknight|move: Substitute|[damage]
|move|p2a: Corviknight|Bulk Up|p2a: Corviknight
|-boost|p2a: Corviknight|atk|1
|-boost|p2a: Corviknight|def|1
|
|-heal|p2a: Corviknight|71/100|[from] item: Leftovers
|upkeep
|turn|44
|
|move|p1a: Seismitoad|Scald|p2a: Corviknight
|-end|p2a: Corviknight|Substitute
|move|p2a: Corviknight|Substitute|p2a: Corviknight
|-start|p2a: Corviknight|Substitute
|-damage|p2a: Corviknight|46/100
|
|-heal|p2a: Corviknight|52/100|[from] item: Leftovers
|upkeep
|turn|45
|-message|mynameisntskrillex forfeited.
|
|win|sucker for oli
|l|☆mynameisntskrillex
|l| SS-YT
