|ScrapeTime|2020-01-02-19:15:22
|j|☆Adios Bahamas
|j|☆pretttybad
|player|p1|Adios Bahamas|ethan|1619
|player|p2|pretttybad|ghetsis|1559
|teamsize|p1|6
|teamsize|p2|6
|gametype|singles
|gen|8
|tier|[Gen 8] OU
|rated|
|rule|Sleep Clause Mod: Limit one foe put to sleep
|rule|Species Clause: Limit one of each Pokémon
|rule|OHKO Clause: OHKO moves are banned
|rule|Evasion Moves Clause: Evasion moves are banned
|rule|Endless Battle Clause: Forcing endless battles is banned
|rule|HP Percentage Mod: HP is shown in percentages
|clearpoke
|poke|p1|Conkeldurr, M|
|poke|p1|Corviknight, F|
|poke|p1|Dragapult, M|
|poke|p1|Seismitoad, F|
|poke|p1|Crawdaunt, M|
|poke|p1|Togekiss, M|
|poke|p2|Aegislash, F|
|poke|p2|Crawdaunt, F|
|poke|p2|Mew|
|poke|p2|Lucario, F|
|poke|p2|Bisharp, M|
|poke|p2|Dragapult, F|
|rule|Dynamax Clause: You cannot dynamax
|teampreview
|inactive|Battle timer is ON: inactive players will automatically lose when time's up. (requested by pretttybad)
|
|start
|switch|p1a: Dragapult|Dragapult, M|100/100
|switch|p2a: Mew|Mew|100/100
|turn|1
|
|move|p1a: Dragapult|Shadow Ball|p2a: Mew
|-supereffective|p2a: Mew
|-damage|p2a: Mew|14/100
|move|p2a: Mew|Stealth Rock|p1a: Dragapult
|-sidestart|p1: Adios Bahamas|move: Stealth Rock
|
|upkeep
|turn|2
|
|switch|p2a: Bisharp|Bisharp, M|100/100
|move|p1a: Dragapult|Shadow Ball|p2a: Bisharp
|-resisted|p2a: Bisharp
|-damage|p2a: Bisharp|56/100
|
|upkeep
|turn|3
|
|switch|p1a: Seismitoad|Seismitoad, F|100/100
|-damage|p1a: Seismitoad|94/100|[from] Stealth Rock
|move|p2a: Bisharp|Iron Head|p1a: Seismitoad
|-resisted|p1a: Seismitoad
|-damage|p1a: Seismitoad|73/100
|-damage|p2a: Bisharp|46/100|[from] item: Life Orb
|
|-heal|p1a: Seismitoad|79/100|[from] item: Leftovers
|upkeep
|turn|4
|
|move|p2a: Bisharp|Throat Chop|p1a: Seismitoad
|-damage|p1a: Seismitoad|41/100
|-start|p1a: Seismitoad|Throat Chop|[silent]
|-damage|p2a: Bisharp|36/100|[from] item: Life Orb
|move|p1a: Seismitoad|Stealth Rock|p2a: Bisharp
|-sidestart|p2: pretttybad|move: Stealth Rock
|
|-heal|p1a: Seismitoad|47/100|[from] item: Leftovers
|upkeep
|turn|5
|j| Franco el Pantanos
|inactive|Adios Bahamas has 120 seconds left.
|inactive|Adios Bahamas has 90 seconds left.
|
|move|p2a: Bisharp|Throat Chop|p1a: Seismitoad
|-damage|p1a: Seismitoad|4/100
|-damage|p2a: Bisharp|26/100|[from] item: Life Orb
|move|p1a: Seismitoad|Earthquake|p2a: Bisharp
|-supereffective|p2a: Bisharp
|-crit|p2a: Bisharp
|-damage|p2a: Bisharp|0 fnt
|faint|p2a: Bisharp
|
|-heal|p1a: Seismitoad|10/100|[from] item: Leftovers
|-end|p1a: Seismitoad|Throat Chop|[silent]
|upkeep
|inactive|pretttybad has 120 seconds left.
|
|switch|p2a: Mew|Mew|14/100
|-damage|p2a: Mew|2/100|[from] Stealth Rock
|turn|6
|inactive|Adios Bahamas has 90 seconds left.
|
|move|p2a: Mew|Spikes|p1a: Seismitoad
|-sidestart|p1: Adios Bahamas|Spikes
|move|p1a: Seismitoad|Earthquake|p2a: Mew
|-damage|p2a: Mew|0 fnt
|faint|p2a: Mew
|
|-heal|p1a: Seismitoad|16/100|[from] item: Leftovers
|upkeep
|
|switch|p2a: Crawdaunt|Crawdaunt, F|100/100
|-damage|p2a: Crawdaunt|88/100|[from] Stealth Rock
|turn|7
|inactive|Adios Bahamas has 90 seconds left.
|
|move|p2a: Crawdaunt|Knock Off|p1a: Seismitoad
|-damage|p1a: Seismitoad|0 fnt
|-enditem|p1a: Seismitoad|Leftovers|[from] move: Knock Off|[of] p2a: Crawdaunt
|-damage|p2a: Crawdaunt|78/100|[from] item: Life Orb
|faint|p1a: Seismitoad
|
|upkeep
|
|switch|p1a: Conkeldurr|Conkeldurr, M|100/100
|-damage|p1a: Conkeldurr|94/100|[from] Stealth Rock
|-damage|p1a: Conkeldurr|82/100|[from] Spikes
|turn|8
|
|switch|p2a: Dragapult|Dragapult, F|100/100
|-damage|p2a: Dragapult|88/100|[from] Stealth Rock
|move|p1a: Conkeldurr|Mach Punch|p2a: Dragapult
|-immune|p2a: Dragapult
|
|-heal|p2a: Dragapult|94/100|[from] item: Leftovers
|-status|p1a: Conkeldurr|brn|[from] item: Flame Orb
|upkeep
|turn|9
|
|switch|p1a: Corviknight|Corviknight, F|100/100
|-damage|p1a: Corviknight|88/100|[from] Stealth Rock
|-ability|p1a: Corviknight|Pressure
|move|p2a: Dragapult|Substitute|p2a: Dragapult
|-start|p2a: Dragapult|Substitute
|-damage|p2a: Dragapult|69/100
|
|-heal|p2a: Dragapult|75/100|[from] item: Leftovers
|-heal|p1a: Corviknight|94/100|[from] item: Leftovers
|upkeep
|turn|10
|
|move|p2a: Dragapult|Dragon Dance|p2a: Dragapult
|-boost|p2a: Dragapult|atk|1
|-boost|p2a: Dragapult|spe|1
|move|p1a: Corviknight|Brave Bird|p2a: Dragapult
|-end|p2a: Dragapult|Substitute
|-damage|p1a: Corviknight|88/100|[from] Recoil|[of] p2a: Dragapult
|
|-heal|p2a: Dragapult|81/100|[from] item: Leftovers
|-heal|p1a: Corviknight|94/100|[from] item: Leftovers
|upkeep
|turn|11
|
|move|p2a: Dragapult|Dragon Dance|p2a: Dragapult
|-boost|p2a: Dragapult|atk|1
|-boost|p2a: Dragapult|spe|1
|move|p1a: Corviknight|Brave Bird|p2a: Dragapult
|-damage|p2a: Dragapult|30/100
|-damage|p1a: Corviknight|81/100|[from] Recoil
|
|-heal|p2a: Dragapult|36/100|[from] item: Leftovers
|-heal|p1a: Corviknight|87/100|[from] item: Leftovers
|upkeep
|turn|12
|inactive|Adios Bahamas has 90 seconds left.
|
|move|p2a: Dragapult|Phantom Force||[still]
|-prepare|p2a: Dragapult|Phantom Force|p1a: Corviknight
|move|p1a: Corviknight|Brave Bird|p2a: Dragapult|[miss]
|-miss|p1a: Corviknight|p2a: Dragapult
|
|-heal|p2a: Dragapult|42/100|[from] item: Leftovers
|-heal|p1a: Corviknight|93/100|[from] item: Leftovers
|upkeep
|turn|13
|
|move|p2a: Dragapult|Phantom Force|p1a: Corviknight|[from]lockedmove
|-damage|p1a: Corviknight|23/100
|move|p1a: Corviknight|Brave Bird|p2a: Dragapult
|-damage|p2a: Dragapult|0 fnt
|-damage|p1a: Corviknight|12/100|[from] Recoil
|faint|p2a: Dragapult
|
|-heal|p1a: Corviknight|19/100|[from] item: Leftovers
|upkeep
|
|switch|p2a: Crawdaunt|Crawdaunt, F|78/100
|-damage|p2a: Crawdaunt|66/100|[from] Stealth Rock
|turn|14
|
|move|p2a: Crawdaunt|Crabhammer|p1a: Corviknight
|-damage|p1a: Corviknight|0 fnt
|-damage|p2a: Crawdaunt|56/100|[from] item: Life Orb
|faint|p1a: Corviknight
|
|upkeep
|
|switch|p1a: Conkeldurr|Conkeldurr, M|82/100 brn
|-damage|p1a: Conkeldurr|70/100 brn|[from] Spikes
|-damage|p1a: Conkeldurr|63/100 brn|[from] Stealth Rock
|turn|15
|
|switch|p2a: Aegislash|Aegislash, F|100/100
|-damage|p2a: Aegislash|94/100|[from] Stealth Rock
|-item|p2a: Aegislash|Air Balloon
|move|p1a: Conkeldurr|Mach Punch|p2a: Aegislash
|-immune|p2a: Aegislash
|
|-damage|p1a: Conkeldurr|57/100 brn|[from] brn
|upkeep
|turn|16
|
|move|p2a: Aegislash|Swords Dance|p2a: Aegislash
|-boost|p2a: Aegislash|atk|2
|move|p1a: Conkeldurr|Drain Punch|p2a: Aegislash
|-immune|p2a: Aegislash
|
|-damage|p1a: Conkeldurr|51/100 brn|[from] brn
|upkeep
|turn|17
|
|switch|p1a: Crawdaunt|Crawdaunt, M|100/100
|-damage|p1a: Crawdaunt|88/100|[from] Stealth Rock
|-damage|p1a: Crawdaunt|76/100|[from] Spikes
|move|p2a: Aegislash|Swords Dance|p2a: Aegislash
|-boost|p2a: Aegislash|atk|2
|
|upkeep
|turn|18
|
|move|p1a: Crawdaunt|Knock Off|p2a: Aegislash
|-supereffective|p2a: Aegislash
|-damage|p2a: Aegislash|0 fnt
|-enditem|p2a: Aegislash|Air Balloon
|-damage|p1a: Crawdaunt|66/100|[from] item: Life Orb
|faint|p2a: Aegislash
|
|upkeep
|
|switch|p2a: Lucario|Lucario, F|100/100
|-damage|p2a: Lucario|98/100|[from] Stealth Rock
|turn|19
|
|move|p2a: Lucario|Swords Dance|p2a: Lucario
|-boost|p2a: Lucario|atk|2
|move|p1a: Crawdaunt|Crabhammer|p2a: Lucario
|-damage|p2a: Lucario|0 fnt
|-damage|p1a: Crawdaunt|56/100|[from] item: Life Orb
|faint|p2a: Lucario
|
|upkeep
|
|switch|p2a: Crawdaunt|Crawdaunt, F|56/100
|-damage|p2a: Crawdaunt|44/100|[from] Stealth Rock
|turn|20
|
|move|p1a: Crawdaunt|Crabhammer|p2a: Crawdaunt
|-resisted|p2a: Crawdaunt
|-damage|p2a: Crawdaunt|0 fnt
|-damage|p1a: Crawdaunt|47/100|[from] item: Life Orb
|faint|p2a: Crawdaunt
|
|win|Adios Bahamas
|l|☆pretttybad
|raw|Adios Bahamas's rating: 1601 → 1618(+17 for winning)
|raw|pretttybad's rating: 1559 → 1542(-17 for losing)
