|ScrapeTime|2020-01-01-22:36:24
|j|☆Matt_Web
|j|☆gainzbourge
|player|p1|Matt_Web|265|1186
|player|p2|gainzbourge|blue|1199
|teamsize|p1|6
|teamsize|p2|6
|gametype|singles
|gen|8
|tier|[Gen 8] OU
|rated|
|rule|Sleep Clause Mod: Limit one foe put to sleep
|rule|Species Clause: Limit one of each Pokémon
|rule|OHKO Clause: OHKO moves are banned
|rule|Evasion Moves Clause: Evasion moves are banned
|rule|Endless Battle Clause: Forcing endless battles is banned
|rule|HP Percentage Mod: HP is shown in percentages
|clearpoke
|poke|p1|Excadrill, F|
|poke|p1|Grimmsnarl, M|
|poke|p1|Ditto|
|poke|p1|Polteageist|
|poke|p1|Seismitoad, F|
|poke|p1|Ferrothorn, F|
|poke|p2|Toxicroak, M|
|poke|p2|Crawdaunt, M|
|poke|p2|Shedinja|
|poke|p2|Mr. Rime, M|
|poke|p2|Pelipper, F|
|poke|p2|Rotom-Heat|
|rule|Dynamax Clause: You cannot dynamax
|teampreview
|
|start
|switch|p1a: Excadrill|Excadrill, F|100/100
|switch|p2a: Rotom|Rotom-Heat, shiny|100/100
|-ability|p1a: Excadrill|Mold Breaker
|turn|1
|
|move|p1a: Excadrill|Earthquake|p2a: Rotom
|-supereffective|p2a: Rotom
|-damage|p2a: Rotom|0 fnt
|faint|p2a: Rotom
|
|upkeep
|
|switch|p2a: Shedinja|Shedinja, shiny|100/100
|turn|2
|
|move|p1a: Excadrill|Earthquake|p2a: Shedinja
|-resisted|p2a: Shedinja
|-enditem|p2a: Shedinja|Focus Sash
|-damage|p2a: Shedinja|100/100
|move|p2a: Shedinja|Will-O-Wisp|p1a: Excadrill|[miss]
|-miss|p2a: Shedinja|p1a: Excadrill
|
|upkeep
|turn|3
|
|switch|p2a: Pelipper|Pelipper, F, shiny|100/100
|-weather|RainDance|[from] ability: Drizzle|[of] p2a: Pelipper
|move|p1a: Excadrill|Earthquake|p2a: Pelipper
|-immune|p2a: Pelipper
|
|-weather|RainDance|[upkeep]
|upkeep
|turn|4
|
|switch|p1a: Seismitoad|Seismitoad, F|100/100
|move|p2a: Pelipper|Hurricane|p1a: Seismitoad
|-damage|p1a: Seismitoad|77/100
|
|-weather|RainDance|[upkeep]
|upkeep
|turn|5
|
|switch|p2a: Mr. Rime|Mr. Rime, M|100/100
|move|p1a: Seismitoad|Earth Power|p2a: Mr. Rime
|-damage|p2a: Mr. Rime|65/100
|
|-weather|RainDance|[upkeep]
|upkeep
|turn|6
|
|switch|p1a: Ditto|Ditto|100/100
|-transform|p1a: Ditto|p2a: Mr. Rime|[from] ability: Imposter
|move|p2a: Mr. Rime|Freeze-Dry|p1a: Ditto
|-resisted|p1a: Ditto
|-damage|p1a: Ditto|80/100
|
|-weather|RainDance|[upkeep]
|upkeep
|turn|7
|
|move|p1a: Ditto|Thunder Wave|p2a: Mr. Rime
|-status|p2a: Mr. Rime|par
|move|p2a: Mr. Rime|Thunder Wave|p1a: Ditto
|-status|p1a: Ditto|par
|
|-weather|RainDance|[upkeep]
|upkeep
|turn|8
|inactive|Battle timer is ON: inactive players will automatically lose when time's up. (requested by Matt_Web)
|
|switch|p1a: Ferrothorn|Ferrothorn, F|100/100
|switch|p2a: Crawdaunt|Crawdaunt, M, shiny|100/100
|
|-weather|RainDance|[upkeep]
|upkeep
|turn|9
|
|move|p2a: Crawdaunt|Close Combat|p1a: Ferrothorn
|-supereffective|p1a: Ferrothorn
|-damage|p1a: Ferrothorn|21/100
|-damage|p2a: Crawdaunt|88/100|[from] ability: Iron Barbs|[of] p1a: Ferrothorn
|-unboost|p2a: Crawdaunt|def|1
|-unboost|p2a: Crawdaunt|spd|1
|move|p1a: Ferrothorn|Leech Seed|p2a: Crawdaunt
|-start|p2a: Crawdaunt|move: Leech Seed
|
|-weather|RainDance|[upkeep]
|-heal|p1a: Ferrothorn|27/100|[from] item: Leftovers
|-damage|p2a: Crawdaunt|76/100|[from] Leech Seed|[of] p1a: Ferrothorn
|-heal|p1a: Ferrothorn|39/100|[silent]
|upkeep
|turn|10
|
|switch|p2a: Toxicroak|Toxicroak, M, shiny|100/100
|-item|p2a: Toxicroak|Air Balloon
|move|p1a: Ferrothorn|Stealth Rock|p2a: Toxicroak
|-sidestart|p2: gainzbourge|move: Stealth Rock
|
|-weather|none
|-heal|p1a: Ferrothorn|45/100|[from] item: Leftovers
|upkeep
|turn|11
|
|move|p2a: Toxicroak|Brick Break|p1a: Ferrothorn
|-supereffective|p1a: Ferrothorn
|-damage|p1a: Ferrothorn|2/100
|-damage|p2a: Toxicroak|88/100|[from] ability: Iron Barbs|[of] p1a: Ferrothorn
|move|p1a: Ferrothorn|Body Press|p2a: Toxicroak
|-resisted|p2a: Toxicroak
|-damage|p2a: Toxicroak|66/100
|-enditem|p2a: Toxicroak|Air Balloon
|
|-heal|p1a: Ferrothorn|9/100|[from] item: Leftovers
|upkeep
|turn|12
|
|move|p2a: Toxicroak|Brick Break|p1a: Ferrothorn
|-supereffective|p1a: Ferrothorn
|-damage|p1a: Ferrothorn|0 fnt
|-damage|p2a: Toxicroak|54/100|[from] ability: Iron Barbs|[of] p1a: Ferrothorn
|faint|p1a: Ferrothorn
|
|upkeep
|
|switch|p1a: Excadrill|Excadrill, F|100/100
|-ability|p1a: Excadrill|Mold Breaker
|turn|13
|
|move|p1a: Excadrill|Earthquake|p2a: Toxicroak
|-supereffective|p2a: Toxicroak
|-damage|p2a: Toxicroak|0 fnt
|faint|p2a: Toxicroak
|
|upkeep
|
|switch|p2a: Pelipper|Pelipper, F, shiny|100/100
|-damage|p2a: Pelipper|76/100|[from] Stealth Rock
|-weather|RainDance|[from] ability: Drizzle|[of] p2a: Pelipper
|turn|14
|
|switch|p1a: Seismitoad|Seismitoad, F|77/100
|move|p2a: Pelipper|Hurricane|p1a: Seismitoad
|-damage|p1a: Seismitoad|52/100
|
|-weather|RainDance|[upkeep]
|upkeep
|turn|15
|
|switch|p2a: Mr. Rime|Mr. Rime, M|65/100 par
|move|p1a: Seismitoad|Scald|p2a: Mr. Rime
|-damage|p2a: Mr. Rime|16/100 par
|
|-weather|RainDance|[upkeep]
|upkeep
|turn|16
|
|move|p1a: Seismitoad|Scald|p2a: Mr. Rime
|-damage|p2a: Mr. Rime|0 fnt
|faint|p2a: Mr. Rime
|
|-weather|RainDance|[upkeep]
|upkeep
|
|switch|p2a: Crawdaunt|Crawdaunt, M, shiny|76/100
|-damage|p2a: Crawdaunt|63/100|[from] Stealth Rock
|turn|17
|
|move|p1a: Seismitoad|Grass Knot|p2a: Crawdaunt
|-supereffective|p2a: Crawdaunt
|-damage|p2a: Crawdaunt|3/100
|move|p2a: Crawdaunt|Knock Off|p1a: Seismitoad
|-damage|p1a: Seismitoad|0 fnt
|-enditem|p1a: Seismitoad|Assault Vest|[from] move: Knock Off|[of] p2a: Crawdaunt
|faint|p1a: Seismitoad
|
|-weather|RainDance|[upkeep]
|upkeep
|
|switch|p1a: Polteageist|Polteageist|100/100
|turn|18
|
|switch|p1a: Ditto|Ditto|80/100 par
|-transform|p1a: Ditto|p2a: Crawdaunt|[from] ability: Imposter
|move|p2a: Crawdaunt|Knock Off|p1a: Ditto
|-resisted|p1a: Ditto
|-damage|p1a: Ditto|6/100 par
|-enditem|p1a: Ditto|Choice Scarf|[from] move: Knock Off|[of] p2a: Crawdaunt
|
|-weather|RainDance|[upkeep]
|upkeep
|turn|19
|
|move|p1a: Ditto|Aqua Jet|p2a: Crawdaunt
|-resisted|p2a: Crawdaunt
|-damage|p2a: Crawdaunt|0 fnt
|faint|p2a: Crawdaunt
|
|-weather|RainDance|[upkeep]
|upkeep
|
|switch|p2a: Pelipper|Pelipper, F, shiny|76/100
|-damage|p2a: Pelipper|51/100|[from] Stealth Rock
|turn|20
|
|move|p1a: Ditto|Aqua Jet|p2a: Pelipper
|-resisted|p2a: Pelipper
|-crit|p2a: Pelipper
|-damage|p2a: Pelipper|26/100
|move|p2a: Pelipper|Roost|p2a: Pelipper
|-heal|p2a: Pelipper|76/100
|-singleturn|p2a: Pelipper|move: Roost
|
|-weather|RainDance|[upkeep]
|upkeep
|turn|21
|
|move|p2a: Pelipper|Roost|p2a: Pelipper
|-heal|p2a: Pelipper|100/100
|-singleturn|p2a: Pelipper|move: Roost
|move|p1a: Ditto|Knock Off|p2a: Pelipper
|-damage|p2a: Pelipper|47/100
|-enditem|p2a: Pelipper|Damp Rock|[from] move: Knock Off|[of] p1a: Ditto
|
|-weather|none
|upkeep
|turn|22
|
|move|p2a: Pelipper|Roost|p2a: Pelipper
|-heal|p2a: Pelipper|97/100
|-singleturn|p2a: Pelipper|move: Roost
|move|p1a: Ditto|Close Combat|p2a: Pelipper
|-damage|p2a: Pelipper|65/100
|-unboost|p1a: Ditto|def|1
|-unboost|p1a: Ditto|spd|1
|
|upkeep
|turn|23
|
|move|p2a: Pelipper|Hydro Pump|p1a: Ditto
|-resisted|p1a: Ditto
|-damage|p1a: Ditto|0 fnt
|faint|p1a: Ditto
|
|upkeep
|
|switch|p1a: Polteageist|Polteageist|100/100
|turn|24
|
|move|p1a: Polteageist|Shell Smash|p1a: Polteageist
|-unboost|p1a: Polteageist|def|1
|-unboost|p1a: Polteageist|spd|1
|-boost|p1a: Polteageist|atk|2
|-boost|p1a: Polteageist|spa|2
|-boost|p1a: Polteageist|spe|2
|move|p2a: Pelipper|Roost|p2a: Pelipper
|-heal|p2a: Pelipper|100/100
|-singleturn|p2a: Pelipper|move: Roost
|
|upkeep
|turn|25
|
|move|p1a: Polteageist|Shadow Ball|p2a: Pelipper
|-damage|p2a: Pelipper|0 fnt
|faint|p2a: Pelipper
|
|upkeep
|-message|gainzbourge forfeited.
|
|win|Matt_Web
|l|☆gainzbourge
|raw|Matt_Web's rating: 1186 → 1214(+28 for winning)
|raw|gainzbourge's rating: 1224 → 1196(-28 for losing)
