|ScrapeTime|2020-01-01-11:15:12
|j|☆Malanaki
|j|☆Pierrosama
|player|p1|Malanaki|102|1131
|player|p2|Pierrosama|roughneck-gen4|1145
|teamsize|p1|6
|teamsize|p2|6
|gametype|singles
|gen|8
|tier|[Gen 8] OU
|rated|
|rule|Sleep Clause Mod: Limit one foe put to sleep
|rule|Species Clause: Limit one of each Pokémon
|rule|OHKO Clause: OHKO moves are banned
|rule|Evasion Moves Clause: Evasion moves are banned
|rule|Endless Battle Clause: Forcing endless battles is banned
|rule|HP Percentage Mod: HP is shown in percentages
|clearpoke
|poke|p1|Pincurchin, F|
|poke|p1|Hawlucha, F|
|poke|p1|Aegislash, M|
|poke|p1|Mamoswine, M|
|poke|p1|Drampa, M|
|poke|p1|Torkoal, F|
|poke|p2|Dracovish|
|poke|p2|Gengar, M|
|poke|p2|Togekiss, F|
|poke|p2|Corviknight, F|
|poke|p2|Dragapult, F|
|poke|p2|Ferrothorn, M|
|rule|Dynamax Clause: You cannot dynamax
|teampreview
|
|start
|switch|p1a: Torkoal|Torkoal, F|100/100
|switch|p2a: La poisse caille|Dracovish, shiny|100/100
|-weather|SunnyDay|[from] ability: Drought|[of] p1a: Torkoal
|turn|1
|
|move|p2a: La poisse caille|Fishious Rend|p1a: Torkoal
|-supereffective|p1a: Torkoal
|-damage|p1a: Torkoal|0 fnt
|faint|p1a: Torkoal
|
|-weather|SunnyDay|[upkeep]
|upkeep
|
|switch|p1a: Drampa|Drampa, M|100/100
|turn|2
|
|move|p2a: La poisse caille|Fishious Rend|p1a: Drampa
|-resisted|p1a: Drampa
|-damage|p1a: Drampa|52/100
|move|p1a: Drampa|Draco Meteor|p2a: La poisse caille
|-supereffective|p2a: La poisse caille
|-damage|p2a: La poisse caille|0 fnt
|-unboost|p1a: Drampa|spa|2
|faint|p2a: La poisse caille
|
|-weather|SunnyDay|[upkeep]
|upkeep
|
|switch|p2a: Air france|Togekiss, F|100/100
|turn|3
|
|switch|p1a: Aegislash|Aegislash, M|100/100
|-item|p1a: Aegislash|Air Balloon
|move|p2a: Air france|Dazzling Gleam|p1a: Aegislash
|-resisted|p1a: Aegislash
|-damage|p1a: Aegislash|83/100
|-enditem|p1a: Aegislash|Air Balloon
|
|-weather|SunnyDay|[upkeep]
|upkeep
|turn|4
|
|switch|p2a: Ringare|Gengar, M|100/100
|-formechange|p1a: Aegislash|Aegislash-Blade||[from] ability: Stance Change
|move|p1a: Aegislash|Iron Head|p2a: Ringare
|-damage|p2a: Ringare|3/100
|
|-weather|SunnyDay|[upkeep]
|upkeep
|turn|5
|
|move|p1a: Aegislash|Shadow Sneak|p2a: Ringare
|-supereffective|p2a: Ringare
|-damage|p2a: Ringare|0 fnt
|-start|p1a: Aegislash|Disable|Shadow Sneak|[from] ability: Cursed Body|[of] p2a: Ringare
|faint|p2a: Ringare
|
|-weather|none
|upkeep
|
|switch|p2a: Air france|Togekiss, F|100/100
|turn|6
|inactive|Battle timer is ON: inactive players will automatically lose when time's up. (requested by Malanaki)
|
|-formechange|p1a: Aegislash|Aegislash||[from] ability: Stance Change
|move|p1a: Aegislash|King's Shield|p1a: Aegislash
|-singleturn|p1a: Aegislash|Protect
|move|p2a: Air france|Flamethrower|p1a: Aegislash
|-activate|p1a: Aegislash|move: Protect
|
|upkeep
|turn|7
|
|move|p2a: Air france|Flamethrower|p1a: Aegislash
|-supereffective|p1a: Aegislash
|-damage|p1a: Aegislash|19/100
|-status|p1a: Aegislash|brn
|-formechange|p1a: Aegislash|Aegislash-Blade||[from] ability: Stance Change
|move|p1a: Aegislash|Iron Head|p2a: Air france
|-supereffective|p2a: Air france
|-damage|p2a: Air france|42/100
|
|-heal|p2a: Air france|48/100|[from] item: Leftovers
|-damage|p1a: Aegislash|13/100 brn|[from] brn
|upkeep
|turn|8
|c|☆Malanaki|Wauw
|
|move|p2a: Air france|Flamethrower|p1a: Aegislash
|-supereffective|p1a: Aegislash
|-damage|p1a: Aegislash|0 fnt
|faint|p1a: Aegislash
|
|-heal|p2a: Air france|55/100|[from] item: Leftovers
|upkeep
|
|switch|p1a: Mamoswine|Mamoswine, M|100/100
|turn|9
|
|switch|p2a: Pomme de pine|Ferrothorn, M|100/100
|move|p1a: Mamoswine|Rock Blast|p2a: Pomme de pine
|-resisted|p2a: Pomme de pine
|-damage|p2a: Pomme de pine|97/100
|-resisted|p2a: Pomme de pine
|-damage|p2a: Pomme de pine|95/100
|-resisted|p2a: Pomme de pine
|-damage|p2a: Pomme de pine|92/100
|-hitcount|p2a: Pomme de pine|3
|
|-heal|p2a: Pomme de pine|99/100|[from] item: Leftovers
|upkeep
|turn|10
|
|switch|p1a: Drampa|Drampa, M|52/100
|move|p2a: Pomme de pine|Leech Seed|p1a: Drampa
|-ability|p1a: Drampa|Sap Sipper|boost
|-boost|p1a: Drampa|atk|1
|
|-heal|p2a: Pomme de pine|100/100|[from] item: Leftovers
|upkeep
|turn|11
|c|☆Malanaki|The luck
|
|move|p2a: Pomme de pine|Protect|p2a: Pomme de pine
|-singleturn|p2a: Pomme de pine|Protect
|move|p1a: Drampa|Fire Blast|p2a: Pomme de pine
|-activate|p2a: Pomme de pine|move: Protect
|
|upkeep
|turn|12
|
|switch|p1a: Mamoswine|Mamoswine, M|100/100
|switch|p2a: Air france|Togekiss, F|55/100
|
|-heal|p2a: Air france|61/100|[from] item: Leftovers
|upkeep
|turn|13
|
|switch|p1a: Drampa|Drampa, M|52/100
|move|p2a: Air france|Flamethrower|p1a: Drampa
|-resisted|p1a: Drampa
|-damage|p1a: Drampa|37/100
|
|-heal|p2a: Air france|67/100|[from] item: Leftovers
|upkeep
|turn|14
|
|move|p2a: Air france|Dazzling Gleam|p1a: Drampa
|-supereffective|p1a: Drampa
|-damage|p1a: Drampa|0 fnt
|faint|p1a: Drampa
|
|-heal|p2a: Air france|73/100|[from] item: Leftovers
|upkeep
|
|switch|p1a: Pincurchin|Pincurchin, F|100/100
|-fieldstart|move: Electric Terrain|[from] ability: Electric Surge|[of] p1a: Pincurchin
|-enditem|p1a: Pincurchin|Electric Seed
|-boost|p1a: Pincurchin|def|1
|turn|15
|
|switch|p2a: Pomme de pine|Ferrothorn, M|100/100
|move|p1a: Pincurchin|Thunder Wave|p2a: Pomme de pine
|-status|p2a: Pomme de pine|par
|
|upkeep
|turn|16
|
|move|p1a: Pincurchin|Memento|p2a: Pomme de pine
|-unboost|p2a: Pomme de pine|atk|2
|-unboost|p2a: Pomme de pine|spa|2
|faint|p1a: Pincurchin
|cant|p2a: Pomme de pine|par
|
|upkeep
|
|switch|p1a: Hawlucha|Hawlucha, F|100/100
|-enditem|p1a: Hawlucha|Electric Seed
|-boost|p1a: Hawlucha|def|1
|turn|17
|
|switch|p2a: Emmanuel MACRON|Dragapult, F|100/100
|move|p1a: Hawlucha|Substitute|p1a: Hawlucha
|-start|p1a: Hawlucha|Substitute
|-damage|p1a: Hawlucha|76/100
|
|upkeep
|turn|18
|
|move|p1a: Hawlucha|Swords Dance|p1a: Hawlucha
|-boost|p1a: Hawlucha|atk|2
|move|p2a: Emmanuel MACRON|Dragon Dance|p2a: Emmanuel MACRON
|-boost|p2a: Emmanuel MACRON|atk|1
|-boost|p2a: Emmanuel MACRON|spe|1
|
|upkeep
|turn|19
|
|move|p1a: Hawlucha|Acrobatics|p2a: Emmanuel MACRON
|-damage|p2a: Emmanuel MACRON|0 fnt
|faint|p2a: Emmanuel MACRON
|
|-fieldend|move: Electric Terrain
|upkeep
|
|switch|p2a: Pomme de pine|Ferrothorn, M|100/100 par
|turn|20
|
|move|p1a: Hawlucha|Swords Dance|p1a: Hawlucha
|-boost|p1a: Hawlucha|atk|2
|move|p2a: Pomme de pine|Gyro Ball|p1a: Hawlucha
|-end|p1a: Hawlucha|Substitute
|
|upkeep
|turn|21
|
|move|p1a: Hawlucha|Close Combat|p2a: Pomme de pine
|-supereffective|p2a: Pomme de pine
|-damage|p2a: Pomme de pine|0 fnt
|-damage|p1a: Hawlucha|63/100|[from] ability: Iron Barbs|[of] p2a: Pomme de pine
|-unboost|p1a: Hawlucha|def|1
|-unboost|p1a: Hawlucha|spd|1
|faint|p2a: Pomme de pine
|
|upkeep
|
|switch|p2a: Air france|Togekiss, F|73/100
|turn|22
|
|move|p1a: Hawlucha|Acrobatics|p2a: Air france
|-damage|p2a: Air france|0 fnt
|faint|p2a: Air france
|
|upkeep
|
|switch|p2a: The crow|Corviknight, F|100/100
|-ability|p2a: The crow|Pressure
|turn|23
|
|move|p1a: Hawlucha|Close Combat|p2a: The crow
|-damage|p2a: The crow|0 fnt
|-unboost|p1a: Hawlucha|def|1
|-unboost|p1a: Hawlucha|spd|1
|faint|p2a: The crow
|
|win|Malanaki
|raw|Malanaki's rating: 1131 → 1157(+26 for winning)
|raw|Pierrosama's rating: 1145 → 1119(-26 for losing)
|l|☆Pierrosama
