|ScrapeTime|2020-01-01-09:25:43
|j|☆uriah.urgelia1999
|j|☆JimmyJBeef
|player|p1|uriah.urgelia1999|265|1320
|player|p2|JimmyJBeef|ingo|1270
|teamsize|p1|6
|teamsize|p2|6
|gametype|singles
|gen|8
|tier|[Gen 8] OU
|rated|
|rule|Sleep Clause Mod: Limit one foe put to sleep
|rule|Species Clause: Limit one of each Pokémon
|rule|OHKO Clause: OHKO moves are banned
|rule|Evasion Moves Clause: Evasion moves are banned
|rule|Endless Battle Clause: Forcing endless battles is banned
|rule|HP Percentage Mod: HP is shown in percentages
|clearpoke
|poke|p1|Clefable, M|
|poke|p1|Sigilyph, F|
|poke|p1|Boltund, M|
|poke|p1|Dragapult, M|
|poke|p1|Gastrodon, M|
|poke|p1|Ferrothorn, F|
|poke|p2|Aegislash, M|
|poke|p2|Crawdaunt, M|
|poke|p2|Mew|
|poke|p2|Lucario, F|
|poke|p2|Bisharp, M|
|poke|p2|Dragapult, M|
|rule|Dynamax Clause: You cannot dynamax
|teampreview
|inactive|Battle timer is ON: inactive players will automatically lose when time's up. (requested by JimmyJBeef)
|
|start
|switch|p1a: Boltund|Boltund, M|100/100
|switch|p2a: Mew|Mew|100/100
|turn|1
|
|move|p1a: Boltund|Nuzzle|p2a: Mew
|-damage|p2a: Mew|94/100
|-status|p2a: Mew|par
|-activate|p2a: Mew|ability: Synchronize
|-immune|p1a: Boltund
|-enditem|p2a: Mew|Red Card|[of] p1a: Boltund
|drag|p1a: Gastrodon|Gastrodon, M|100/100
|move|p2a: Mew|Stealth Rock|p1a: Gastrodon
|-sidestart|p1: uriah.urgelia1999|move: Stealth Rock
|
|upkeep
|turn|2
|
|move|p2a: Mew|Spikes|p1a: Gastrodon
|-sidestart|p1: uriah.urgelia1999|Spikes
|move|p1a: Gastrodon|Earth Power|p2a: Mew
|-damage|p2a: Mew|68/100 par
|
|upkeep
|turn|3
|
|switch|p1a: Ferrothorn|Ferrothorn, F|100/100
|-damage|p1a: Ferrothorn|94/100|[from] Stealth Rock
|-damage|p1a: Ferrothorn|82/100|[from] Spikes
|move|p2a: Mew|Spikes|p1a: Ferrothorn
|-sidestart|p1: uriah.urgelia1999|Spikes
|
|upkeep
|turn|4
|
|move|p2a: Mew|Taunt|p1a: Ferrothorn
|-start|p1a: Ferrothorn|move: Taunt
|cant|p1a: Ferrothorn|move: Taunt|Stealth Rock
|
|upkeep
|turn|5
|
|cant|p2a: Mew|par
|move|p1a: Ferrothorn|Gyro Ball|p2a: Mew
|-damage|p2a: Mew|44/100 par
|
|upkeep
|turn|6
|
|move|p2a: Mew|Spikes|p1a: Ferrothorn
|-sidestart|p1: uriah.urgelia1999|Spikes
|move|p1a: Ferrothorn|Gyro Ball|p2a: Mew
|-crit|p2a: Mew
|-damage|p2a: Mew|2/100 par
|
|-end|p1a: Ferrothorn|move: Taunt
|upkeep
|turn|7
|
|move|p2a: Mew|Self-Destruct|p1a: Ferrothorn
|-resisted|p1a: Ferrothorn
|-damage|p1a: Ferrothorn|70/100
|faint|p2a: Mew
|move|p1a: Ferrothorn|Stealth Rock|p2: Mew
|-sidestart|p2: JimmyJBeef|move: Stealth Rock
|
|upkeep
|
|switch|p2a: Lucario|Lucario, F|100/100
|-damage|p2a: Lucario|98/100|[from] Stealth Rock
|turn|8
|
|move|p2a: Lucario|Swords Dance|p2a: Lucario
|-boost|p2a: Lucario|atk|2
|move|p1a: Ferrothorn|Body Press|p2a: Lucario
|-supereffective|p2a: Lucario
|-damage|p2a: Lucario|0 fnt
|faint|p2a: Lucario
|
|upkeep
|
|switch|p2a: Dragapult|Dragapult, M|100/100
|-damage|p2a: Dragapult|88/100|[from] Stealth Rock
|turn|9
|
|move|p2a: Dragapult|Substitute|p2a: Dragapult
|-start|p2a: Dragapult|Substitute
|-damage|p2a: Dragapult|63/100
|move|p1a: Ferrothorn|Leech Seed||[still]
|-fail|p1a: Ferrothorn
|
|-heal|p2a: Dragapult|69/100|[from] item: Leftovers
|upkeep
|turn|10
|
|move|p2a: Dragapult|Dragon Dance|p2a: Dragapult
|-boost|p2a: Dragapult|atk|1
|-boost|p2a: Dragapult|spe|1
|move|p1a: Ferrothorn|Gyro Ball|p2a: Dragapult
|-end|p2a: Dragapult|Substitute
|
|-heal|p2a: Dragapult|75/100|[from] item: Leftovers
|upkeep
|turn|11
|
|move|p2a: Dragapult|Phantom Force||[still]
|-prepare|p2a: Dragapult|Phantom Force|p1a: Ferrothorn
|move|p1a: Ferrothorn|Gyro Ball|p2a: Dragapult|[miss]
|-miss|p1a: Ferrothorn|p2a: Dragapult
|
|-heal|p2a: Dragapult|81/100|[from] item: Leftovers
|upkeep
|turn|12
|
|move|p2a: Dragapult|Phantom Force|p1a: Ferrothorn|[from]lockedmove
|-damage|p1a: Ferrothorn|28/100
|-damage|p2a: Dragapult|69/100|[from] ability: Iron Barbs|[of] p1a: Ferrothorn
|-damage|p2a: Dragapult|53/100|[from] item: Rocky Helmet|[of] p1a: Ferrothorn
|move|p1a: Ferrothorn|Gyro Ball|p2a: Dragapult
|-damage|p2a: Dragapult|0 fnt
|faint|p2a: Dragapult
|
|upkeep
|
|switch|p2a: Aegislash|Aegislash, M|100/100
|-damage|p2a: Aegislash|94/100|[from] Stealth Rock
|-item|p2a: Aegislash|Air Balloon
|turn|13
|
|-formechange|p2a: Aegislash|Aegislash-Blade||[from] ability: Stance Change
|move|p2a: Aegislash|Close Combat|p1a: Ferrothorn
|-supereffective|p1a: Ferrothorn
|-damage|p1a: Ferrothorn|0 fnt
|-damage|p2a: Aegislash|82/100|[from] ability: Iron Barbs|[of] p1a: Ferrothorn
|-damage|p2a: Aegislash|66/100|[from] item: Rocky Helmet|[of] p1a: Ferrothorn
|-unboost|p2a: Aegislash|def|1
|-unboost|p2a: Aegislash|spd|1
|faint|p1a: Ferrothorn
|
|upkeep
|
|switch|p1a: Boltund|Boltund, M|100/100
|turn|14
|
|move|p2a: Aegislash|Shadow Sneak|p1a: Boltund
|-damage|p1a: Boltund|52/100
|move|p1a: Boltund|Crunch|p2a: Aegislash
|-supereffective|p2a: Aegislash
|-damage|p2a: Aegislash|0 fnt
|-enditem|p2a: Aegislash|Air Balloon
|faint|p2a: Aegislash
|
|upkeep
|
|switch|p2a: Bisharp|Bisharp, M|100/100
|-damage|p2a: Bisharp|95/100|[from] Stealth Rock
|turn|15
|
|move|p1a: Boltund|Nuzzle|p2a: Bisharp
|-damage|p2a: Bisharp|85/100
|-status|p2a: Bisharp|par
|cant|p2a: Bisharp|par
|
|upkeep
|turn|16
|
|move|p1a: Boltund|Fire Fang|p2a: Bisharp
|-supereffective|p2a: Bisharp
|-damage|p2a: Bisharp|20/100 par
|move|p2a: Bisharp|Iron Head|p1a: Boltund
|-resisted|p1a: Boltund
|-damage|p1a: Boltund|4/100
|-damage|p2a: Bisharp|10/100 par|[from] item: Life Orb
|
|upkeep
|turn|17
|
|move|p2a: Bisharp|Sucker Punch|p1a: Boltund
|-damage|p1a: Boltund|0 fnt
|-damage|p2a: Bisharp|0 fnt|[from] item: Life Orb
|faint|p1a: Boltund
|faint|p2a: Bisharp
|
|upkeep
|
|switch|p1a: Clefable|Clefable, M|100/100
|switch|p2a: Crawdaunt|Crawdaunt, M|100/100
|-damage|p2a: Crawdaunt|88/100|[from] Stealth Rock
|turn|18
|
|move|p2a: Crawdaunt|Swords Dance|p2a: Crawdaunt
|-boost|p2a: Crawdaunt|atk|2
|move|p1a: Clefable|Moonblast|p2a: Crawdaunt
|-supereffective|p2a: Crawdaunt
|-damage|p2a: Crawdaunt|0 fnt
|faint|p2a: Crawdaunt
|
|win|uriah.urgelia1999
|raw|uriah.urgelia1999's rating: 1320 → 1337(+17 for winning)
|raw|JimmyJBeef's rating: 1270 → 1248(-22 for losing)
|l|☆JimmyJBeef
