|ScrapeTime|2020-01-01-22:48:48
|j|☆diaperbabe29
|j|☆LeaderMissingNo
|player|p1|diaperbabe29|8|1725
|player|p2|LeaderMissingNo|giovanni|1691
|teamsize|p1|6
|teamsize|p2|6
|gametype|singles
|gen|8
|tier|[Gen 8] OU
|rated|
|rule|Sleep Clause Mod: Limit one foe put to sleep
|rule|Species Clause: Limit one of each Pokémon
|rule|OHKO Clause: OHKO moves are banned
|rule|Evasion Moves Clause: Evasion moves are banned
|rule|Endless Battle Clause: Forcing endless battles is banned
|rule|HP Percentage Mod: HP is shown in percentages
|clearpoke
|poke|p1|Clefable, F|
|poke|p1|Corviknight, F|
|poke|p1|Kommo-o, M|
|poke|p1|Rotom-Mow|
|poke|p1|Vaporeon, F|
|poke|p1|Ditto|
|poke|p2|Corsola-Galar, M|
|poke|p2|Toxapex, M|
|poke|p2|Ditto|
|poke|p2|Ferrothorn, F|
|poke|p2|Sylveon, F|
|poke|p2|Avalugg, F|
|rule|Dynamax Clause: You cannot dynamax
|teampreview
|
|start
|switch|p1a: Rotom|Rotom-Mow|100/100
|switch|p2a: Ditto|Ditto|100/100
|-transform|p2a: Ditto|p1a: Rotom|[from] ability: Imposter
|turn|1
|
|move|p2a: Ditto|Volt Switch|p1a: Rotom
|-resisted|p1a: Rotom
|-damage|p1a: Rotom|94/100
|
|switch|p2a: Toxapex|Toxapex, M|100/100|[from]move: Volt Switch
|move|p1a: Rotom|Volt Switch|p2a: Toxapex
|-supereffective|p2a: Toxapex
|-damage|p2a: Toxapex|69/100
|
|switch|p1a: Clefable|Clefable, F|100/100|[from]move: Volt Switch
|
|-heal|p2a: Toxapex|75/100|[from] item: Black Sludge
|upkeep
|turn|2
|
|move|p1a: Clefable|Thunderbolt|p2a: Toxapex
|-supereffective|p2a: Toxapex
|-damage|p2a: Toxapex|27/100
|move|p2a: Toxapex|Poison Jab|p1a: Clefable
|-supereffective|p1a: Clefable
|-damage|p1a: Clefable|53/100
|
|-heal|p2a: Toxapex|33/100|[from] item: Black Sludge
|upkeep
|turn|3
|
|switch|p2a: Sylveon|Sylveon, F|100/100
|move|p1a: Clefable|Calm Mind|p1a: Clefable
|-boost|p1a: Clefable|spa|1
|-boost|p1a: Clefable|spd|1
|
|upkeep
|turn|4
|
|move|p1a: Clefable|Moonblast|p2a: Sylveon
|-damage|p2a: Sylveon|50/100
|move|p2a: Sylveon|Hyper Voice|p1a: Clefable
|-damage|p1a: Clefable|21/100
|
|-heal|p2a: Sylveon|56/100|[from] item: Leftovers
|upkeep
|turn|5
|
|move|p1a: Clefable|Moonlight|p1a: Clefable
|-heal|p1a: Clefable|71/100
|move|p2a: Sylveon|Hyper Voice|p1a: Clefable
|-damage|p1a: Clefable|39/100
|
|-heal|p2a: Sylveon|63/100|[from] item: Leftovers
|upkeep
|turn|6
|
|move|p1a: Clefable|Moonblast|p2a: Sylveon
|-damage|p2a: Sylveon|10/100
|move|p2a: Sylveon|Hyper Voice|p1a: Clefable
|-damage|p1a: Clefable|8/100
|
|-heal|p2a: Sylveon|16/100|[from] item: Leftovers
|upkeep
|turn|7
|
|move|p1a: Clefable|Moonblast|p2a: Sylveon
|-damage|p2a: Sylveon|0 fnt
|faint|p2a: Sylveon
|
|upkeep
|
|switch|p2a: Ditto|Ditto|100/100
|-transform|p2a: Ditto|p1a: Clefable|[from] ability: Imposter
|turn|8
|
|switch|p1a: Corviknight|Corviknight, F|100/100
|-ability|p1a: Corviknight|Pressure
|move|p2a: Ditto|Thunderbolt|p1a: Corviknight
|-supereffective|p1a: Corviknight
|-damage|p1a: Corviknight|35/100
|
|-heal|p1a: Corviknight|42/100|[from] item: Leftovers
|upkeep
|turn|9
|
|switch|p1a: Rotom|Rotom-Mow|94/100
|move|p2a: Ditto|Thunderbolt|p1a: Rotom
|-resisted|p1a: Rotom
|-damage|p1a: Rotom|83/100
|
|-heal|p1a: Rotom|89/100|[from] item: Leftovers
|upkeep
|turn|10
|
|switch|p2a: Ferrothorn|Ferrothorn, F|100/100
|move|p1a: Rotom|Will-O-Wisp|p2a: Ferrothorn
|-status|p2a: Ferrothorn|brn
|
|-heal|p1a: Rotom|96/100|[from] item: Leftovers
|-damage|p2a: Ferrothorn|94/100 brn|[from] brn
|upkeep
|turn|11
|
|move|p1a: Rotom|Nasty Plot|p1a: Rotom
|-boost|p1a: Rotom|spa|2
|move|p2a: Ferrothorn|Knock Off|p1a: Rotom
|-damage|p1a: Rotom|84/100
|-enditem|p1a: Rotom|Leftovers|[from] move: Knock Off|[of] p2a: Ferrothorn
|
|-damage|p2a: Ferrothorn|88/100 brn|[from] brn
|upkeep
|turn|12
|
|move|p1a: Rotom|Nasty Plot|p1a: Rotom
|-boost|p1a: Rotom|spa|2
|move|p2a: Ferrothorn|Toxic|p1a: Rotom
|-status|p1a: Rotom|tox
|
|-damage|p1a: Rotom|78/100 tox|[from] psn
|-damage|p2a: Ferrothorn|82/100 brn|[from] brn
|upkeep
|turn|13
|
|move|p1a: Rotom|Leaf Storm|p2a: Ferrothorn|[miss]
|-miss|p1a: Rotom|p2a: Ferrothorn
|move|p2a: Ferrothorn|Spikes|p1a: Rotom
|-sidestart|p1: diaperbabe29|Spikes
|
|-damage|p1a: Rotom|66/100 tox|[from] psn
|-damage|p2a: Ferrothorn|75/100 brn|[from] brn
|upkeep
|turn|14
|
|move|p1a: Rotom|Volt Switch|p2a: Ferrothorn
|-resisted|p2a: Ferrothorn
|-damage|p2a: Ferrothorn|51/100 brn
|
|switch|p1a: Kommo-o|Kommo-o, M|100/100|[from]move: Volt Switch
|-damage|p1a: Kommo-o|88/100|[from] Spikes
|move|p2a: Ferrothorn|Spikes|p1a: Kommo-o
|-sidestart|p1: diaperbabe29|Spikes
|
|-heal|p1a: Kommo-o|94/100|[from] item: Leftovers
|-damage|p2a: Ferrothorn|45/100 brn|[from] brn
|upkeep
|turn|15
|
|switch|p2a: Corsola|Corsola-Galar, M|100/100
|move|p1a: Kommo-o|Flamethrower|p2a: Corsola
|-damage|p2a: Corsola|84/100
|-start|p1a: Kommo-o|Disable|Flamethrower|[from] ability: Cursed Body|[of] p2a: Corsola
|
|-heal|p1a: Kommo-o|100/100|[from] item: Leftovers
|upkeep
|turn|16
|
|move|p1a: Kommo-o|Stealth Rock|p2a: Corsola
|-sidestart|p2: LeaderMissingNo|move: Stealth Rock
|move|p2a: Corsola|Stealth Rock|p1a: Kommo-o
|-sidestart|p1: diaperbabe29|move: Stealth Rock
|
|upkeep
|turn|17
|
|switch|p1a: Corviknight|Corviknight, F|42/100
|-damage|p1a: Corviknight|29/100|[from] Stealth Rock
|-ability|p1a: Corviknight|Pressure
|move|p2a: Corsola|Will-O-Wisp|p1a: Corviknight
|-status|p1a: Corviknight|brn
|
|-heal|p1a: Corviknight|35/100 brn|[from] item: Leftovers
|-damage|p1a: Corviknight|29/100 brn|[from] brn
|upkeep
|turn|18
|
|move|p1a: Corviknight|Roost|p1a: Corviknight
|-heal|p1a: Corviknight|79/100 brn
|-singleturn|p1a: Corviknight|move: Roost
|move|p2a: Corsola|Night Shade|p1a: Corviknight
|-damage|p1a: Corviknight|54/100 brn
|
|-heal|p1a: Corviknight|60/100 brn|[from] item: Leftovers
|-damage|p1a: Corviknight|54/100 brn|[from] brn
|upkeep
|turn|19
|
|move|p1a: Corviknight|Roost|p1a: Corviknight
|-heal|p1a: Corviknight|100/100 brn
|-singleturn|p1a: Corviknight|move: Roost
|move|p2a: Corsola|Strength Sap|p1a: Corviknight
|-unboost|p1a: Corviknight|atk|1
|-heal|p2a: Corsola|100/100
|
|-damage|p1a: Corviknight|94/100 brn|[from] brn
|upkeep
|turn|20
|
|switch|p2a: Avalugg|Avalugg, F|100/100
|move|p1a: Corviknight|Defog|p2a: Avalugg
|-unboost|p2a: Avalugg|evasion|1
|-sideend|p2: LeaderMissingNo|Stealth Rock|[from] move: Defog|[of] p1a: Corviknight
|-sideend|p1: diaperbabe29|Spikes|[from] move: Defog|[of] p1a: Corviknight
|-sideend|p1: diaperbabe29|Stealth Rock|[from] move: Defog|[of] p1a: Corviknight
|
|-heal|p1a: Corviknight|100/100 brn|[from] item: Leftovers
|-damage|p1a: Corviknight|94/100 brn|[from] brn
|upkeep
|turn|21
|
|move|p1a: Corviknight|U-turn|p2a: Avalugg
|-crit|p2a: Avalugg
|-damage|p2a: Avalugg|96/100
|
|switch|p1a: Vaporeon|Vaporeon, F|100/100|[from]move: U-turn
|move|p2a: Avalugg|Avalanche|p1a: Vaporeon
|-resisted|p1a: Vaporeon
|-damage|p1a: Vaporeon|91/100
|
|-heal|p1a: Vaporeon|98/100|[from] item: Leftovers
|upkeep
|turn|22
|
|switch|p2a: Ferrothorn|Ferrothorn, F|45/100 brn
|move|p1a: Vaporeon|Wish|p1a: Vaporeon
|
|-heal|p1a: Vaporeon|100/100|[from] item: Leftovers
|-damage|p2a: Ferrothorn|39/100 brn|[from] brn
|upkeep
|turn|23
|
|switch|p1a: Rotom|Rotom-Mow|66/100 tox
|move|p2a: Ferrothorn|Knock Off|p1a: Rotom
|-damage|p1a: Rotom|59/100 tox
|
|-heal|p1a: Rotom|100/100 tox|[from] move: Wish|[wisher] Vaporeon
|-damage|p1a: Rotom|94/100 tox|[from] psn
|-damage|p2a: Ferrothorn|33/100 brn|[from] brn
|upkeep
|turn|24
|
|switch|p2a: Toxapex|Toxapex, M|67/100
|move|p1a: Rotom|Volt Switch|p2a: Toxapex
|-supereffective|p2a: Toxapex
|-damage|p2a: Toxapex|35/100
|
|switch|p1a: Clefable|Clefable, F|8/100|[from]move: Volt Switch
|
|-heal|p2a: Toxapex|41/100|[from] item: Black Sludge
|upkeep
|turn|25
|
|switch|p2a: Ditto|Ditto|100/100
|-transform|p2a: Ditto|p1a: Clefable|[from] ability: Imposter
|move|p1a: Clefable|Thunderbolt|p2a: Ditto
|-damage|p2a: Ditto|56/100
|
|upkeep
|turn|26
|
|switch|p1a: Rotom|Rotom-Mow|94/100 tox
|move|p2a: Ditto|Thunderbolt|p1a: Rotom
|-resisted|p1a: Rotom
|-damage|p1a: Rotom|86/100 tox
|
|-damage|p1a: Rotom|80/100 tox|[from] psn
|upkeep
|turn|27
|
|switch|p2a: Corsola|Corsola-Galar, M|100/100
|move|p1a: Rotom|Volt Switch|p2a: Corsola
|-damage|p2a: Corsola|82/100
|-start|p1a: Rotom|Disable|Volt Switch|[from] ability: Cursed Body|[of] p2a: Corsola
|
|switch|p1a: Clefable|Clefable, F|8/100|[from]move: Volt Switch
|
|upkeep
|turn|28
|
|move|p1a: Clefable|Moonlight|p1a: Clefable
|-heal|p1a: Clefable|58/100
|move|p2a: Corsola|Stealth Rock|p1a: Clefable
|-sidestart|p1: diaperbabe29|move: Stealth Rock
|
|upkeep
|turn|29
|j| SacredCV
|
|switch|p2a: Toxapex|Toxapex, M|75/100
|move|p1a: Clefable|Calm Mind|p1a: Clefable
|-boost|p1a: Clefable|spa|1
|-boost|p1a: Clefable|spd|1
|
|-heal|p2a: Toxapex|81/100|[from] item: Black Sludge
|upkeep
|turn|30
|
|move|p1a: Clefable|Thunderbolt|p2a: Toxapex
|-supereffective|p2a: Toxapex
|-damage|p2a: Toxapex|12/100
|move|p2a: Toxapex|Poison Jab|p1a: Clefable
|-supereffective|p1a: Clefable
|-damage|p1a: Clefable|12/100
|-status|p1a: Clefable|psn
|
|-heal|p2a: Toxapex|19/100|[from] item: Black Sludge
|upkeep
|turn|31
|
|switch|p2a: Ditto|Ditto|56/100
|-transform|p2a: Ditto|p1a: Clefable|[from] ability: Imposter
|move|p1a: Clefable|Thunderbolt|p2a: Ditto
|-damage|p2a: Ditto|14/100
|
|upkeep
|turn|32
|
|switch|p1a: Corviknight|Corviknight, F|94/100 brn
|-damage|p1a: Corviknight|82/100 brn|[from] Stealth Rock
|-ability|p1a: Corviknight|Pressure
|move|p2a: Ditto|Moonblast|p1a: Corviknight
|-resisted|p1a: Corviknight
|-damage|p1a: Corviknight|56/100 brn
|-unboost|p1a: Corviknight|spa|1
|
|-heal|p1a: Corviknight|62/100 brn|[from] item: Leftovers
|-damage|p1a: Corviknight|56/100 brn|[from] brn
|upkeep
|turn|33
|
|move|p2a: Ditto|Moonblast|p1a: Corviknight
|-resisted|p1a: Corviknight
|-damage|p1a: Corviknight|29/100 brn
|-unboost|p1a: Corviknight|spa|1
|move|p1a: Corviknight|U-turn|p2a: Ditto
|-resisted|p2a: Ditto
|-damage|p2a: Ditto|9/100
|
|switch|p1a: Vaporeon|Vaporeon, F|100/100|[from]move: U-turn
|-damage|p1a: Vaporeon|88/100|[from] Stealth Rock
|
|-heal|p1a: Vaporeon|94/100|[from] item: Leftovers
|upkeep
|turn|34
|
|switch|p2a: Ferrothorn|Ferrothorn, F|33/100 brn
|move|p1a: Vaporeon|Scald|p2a: Ferrothorn
|-resisted|p2a: Ferrothorn
|-damage|p2a: Ferrothorn|23/100 brn
|
|-heal|p1a: Vaporeon|100/100|[from] item: Leftovers
|-damage|p2a: Ferrothorn|17/100 brn|[from] brn
|upkeep
|turn|35
|
|move|p1a: Vaporeon|Wish|p1a: Vaporeon
|move|p2a: Ferrothorn|Leech Seed|p1a: Vaporeon
|-start|p1a: Vaporeon|move: Leech Seed
|
|-damage|p1a: Vaporeon|88/100|[from] Leech Seed|[of] p2a: Ferrothorn
|-heal|p2a: Ferrothorn|33/100 brn|[silent]
|-damage|p2a: Ferrothorn|27/100 brn|[from] brn
|upkeep
|turn|36
|
|switch|p1a: Corviknight|Corviknight, F|29/100 brn
|-damage|p1a: Corviknight|16/100 brn|[from] Stealth Rock
|-ability|p1a: Corviknight|Pressure
|move|p2a: Ferrothorn|Knock Off|p1a: Corviknight
|-damage|p1a: Corviknight|8/100 brn
|-enditem|p1a: Corviknight|Leftovers|[from] move: Knock Off|[of] p2a: Ferrothorn
|
|-heal|p1a: Corviknight|66/100 brn|[from] move: Wish|[wisher] Vaporeon
|-damage|p1a: Corviknight|60/100 brn|[from] brn
|-damage|p2a: Ferrothorn|21/100 brn|[from] brn
|upkeep
|turn|37
|
|move|p1a: Corviknight|Defog|p2a: Ferrothorn
|-unboost|p2a: Ferrothorn|evasion|1
|-sideend|p1: diaperbabe29|Stealth Rock|[from] move: Defog|[of] p1a: Corviknight
|move|p2a: Ferrothorn|Leech Seed|p1a: Corviknight
|-start|p1a: Corviknight|move: Leech Seed
|
|-damage|p1a: Corviknight|47/100 brn|[from] Leech Seed|[of] p2a: Ferrothorn
|-heal|p2a: Ferrothorn|35/100 brn|[silent]
|-damage|p1a: Corviknight|41/100 brn|[from] brn
|-damage|p2a: Ferrothorn|29/100 brn|[from] brn
|upkeep
|turn|38
|
|switch|p1a: Kommo-o|Kommo-o, M|100/100
|move|p2a: Ferrothorn|Spikes|p1a: Kommo-o
|-sidestart|p1: diaperbabe29|Spikes
|
|-damage|p2a: Ferrothorn|22/100 brn|[from] brn
|upkeep
|turn|39
|
|switch|p2a: Corsola|Corsola-Galar, M|82/100
|move|p1a: Kommo-o|Stealth Rock|p2a: Corsola
|-sidestart|p2: LeaderMissingNo|move: Stealth Rock
|
|upkeep
|turn|40
|
|switch|p1a: Corviknight|Corviknight, F|41/100 brn
|-ability|p1a: Corviknight|Pressure
|move|p2a: Corsola|Night Shade|p1a: Corviknight
|-damage|p1a: Corviknight|16/100 brn
|
|-damage|p1a: Corviknight|10/100 brn|[from] brn
|upkeep
|turn|41
|
|move|p1a: Corviknight|Roost|p1a: Corviknight
|-heal|p1a: Corviknight|60/100 brn
|-singleturn|p1a: Corviknight|move: Roost
|move|p2a: Corsola|Stealth Rock|p1a: Corviknight
|-sidestart|p1: diaperbabe29|move: Stealth Rock
|
|-damage|p1a: Corviknight|54/100 brn|[from] brn
|upkeep
|turn|42
|
|move|p1a: Corviknight|Roost|p1a: Corviknight
|-heal|p1a: Corviknight|100/100 brn
|-singleturn|p1a: Corviknight|move: Roost
|move|p2a: Corsola|Night Shade|p1a: Corviknight
|-damage|p1a: Corviknight|75/100 brn
|
|-damage|p1a: Corviknight|69/100 brn|[from] brn
|upkeep
|turn|43
|
|switch|p2a: Avalugg|Avalugg, F|96/100
|move|p1a: Corviknight|U-turn|p2a: Avalugg
|-damage|p2a: Avalugg|93/100
|l| SacredCV
|
|switch|p1a: Kommo-o|Kommo-o, M|100/100|[from]move: U-turn
|-damage|p1a: Kommo-o|94/100|[from] Stealth Rock
|-damage|p1a: Kommo-o|82/100|[from] Spikes
|
|-heal|p1a: Kommo-o|88/100|[from] item: Leftovers
|upkeep
|turn|44
|
|move|p1a: Kommo-o|Flamethrower|p2a: Avalugg
|-supereffective|p2a: Avalugg
|-damage|p2a: Avalugg|28/100
|move|p2a: Avalugg|Avalanche|p1a: Kommo-o
|-supereffective|p1a: Kommo-o
|-damage|p1a: Kommo-o|24/100
|
|-heal|p1a: Kommo-o|30/100|[from] item: Leftovers
|upkeep
|turn|45
|
|switch|p2a: Corsola|Corsola-Galar, M|82/100
|-damage|p2a: Corsola|70/100|[from] Stealth Rock
|move|p1a: Kommo-o|Clanging Scales|p2a: Corsola
|-damage|p2a: Corsola|41/100
|-unboost|p1a: Kommo-o|def|1
|
|-heal|p1a: Kommo-o|36/100|[from] item: Leftovers
|upkeep
|turn|46
|
|switch|p1a: Vaporeon|Vaporeon, F|88/100
|-damage|p1a: Vaporeon|75/100|[from] Stealth Rock
|-damage|p1a: Vaporeon|63/100|[from] Spikes
|move|p2a: Corsola|Strength Sap|p1a: Vaporeon
|-unboost|p1a: Vaporeon|atk|1
|-heal|p2a: Corsola|78/100
|
|-heal|p1a: Vaporeon|69/100|[from] item: Leftovers
|upkeep
|turn|47
|
|move|p1a: Vaporeon|Wish|p1a: Vaporeon
|move|p2a: Corsola|Will-O-Wisp|p1a: Vaporeon
|-status|p1a: Vaporeon|brn
|
|-heal|p1a: Vaporeon|75/100 brn|[from] item: Leftovers
|-damage|p1a: Vaporeon|69/100 brn|[from] brn
|upkeep
|turn|48
|
|switch|p1a: Rotom|Rotom-Mow|80/100 tox
|-damage|p1a: Rotom|68/100 tox|[from] Stealth Rock
|move|p2a: Corsola|Night Shade|p1a: Rotom
|-damage|p1a: Rotom|35/100 tox
|
|-heal|p1a: Rotom|100/100 tox|[from] move: Wish|[wisher] Vaporeon
|-damage|p1a: Rotom|94/100 tox|[from] psn
|upkeep
|turn|49
|
|switch|p2a: Toxapex|Toxapex, M|52/100
|-damage|p2a: Toxapex|39/100|[from] Stealth Rock
|move|p1a: Rotom|Will-O-Wisp|p2a: Toxapex|[miss]
|-miss|p1a: Rotom|p2a: Toxapex
|
|-heal|p2a: Toxapex|46/100|[from] item: Black Sludge
|-damage|p1a: Rotom|82/100 tox|[from] psn
|upkeep
|turn|50
|
|move|p1a: Rotom|Volt Switch|p2a: Toxapex
|-supereffective|p2a: Toxapex
|-damage|p2a: Toxapex|14/100
|
|switch|p1a: Kommo-o|Kommo-o, M|36/100|[from]move: Volt Switch
|-damage|p1a: Kommo-o|24/100|[from] Spikes
|-damage|p1a: Kommo-o|17/100|[from] Stealth Rock
|move|p2a: Toxapex|Poison Jab|p1a: Kommo-o
|-damage|p1a: Kommo-o|4/100
|
|-heal|p1a: Kommo-o|10/100|[from] item: Leftovers
|-heal|p2a: Toxapex|20/100|[from] item: Black Sludge
|upkeep
|turn|51
|
|switch|p2a: Corsola|Corsola-Galar, M|78/100
|-damage|p2a: Corsola|66/100|[from] Stealth Rock
|move|p1a: Kommo-o|Clanging Scales|p2a: Corsola
|-damage|p2a: Corsola|38/100
|-unboost|p1a: Kommo-o|def|1
|
|-heal|p1a: Kommo-o|16/100|[from] item: Leftovers
|upkeep
|turn|52
|inactive|Battle timer is ON: inactive players will automatically lose when time's up. (requested by LeaderMissingNo)
|
|switch|p1a: Vaporeon|Vaporeon, F|69/100 brn
|-damage|p1a: Vaporeon|57/100 brn|[from] Spikes
|-damage|p1a: Vaporeon|44/100 brn|[from] Stealth Rock
|move|p2a: Corsola|Strength Sap|p1a: Vaporeon
|-unboost|p1a: Vaporeon|atk|1
|-heal|p2a: Corsola|75/100
|
|-heal|p1a: Vaporeon|50/100 brn|[from] item: Leftovers
|-damage|p1a: Vaporeon|44/100 brn|[from] brn
|upkeep
|turn|53
|
|switch|p2a: Ferrothorn|Ferrothorn, F|22/100 brn
|-damage|p2a: Ferrothorn|16/100 brn|[from] Stealth Rock
|move|p1a: Vaporeon|Wish|p1a: Vaporeon
|
|-heal|p1a: Vaporeon|50/100 brn|[from] item: Leftovers
|-damage|p1a: Vaporeon|44/100 brn|[from] brn
|-damage|p2a: Ferrothorn|10/100 brn|[from] brn
|upkeep
|turn|54
|
|move|p1a: Vaporeon|Protect|p1a: Vaporeon
|-singleturn|p1a: Vaporeon|Protect
|move|p2a: Ferrothorn|Knock Off|p1a: Vaporeon
|-activate|p1a: Vaporeon|move: Protect
|
|-heal|p1a: Vaporeon|94/100 brn|[from] move: Wish|[wisher] Vaporeon
|-heal|p1a: Vaporeon|100/100 brn|[from] item: Leftovers
|-damage|p1a: Vaporeon|94/100 brn|[from] brn
|-damage|p2a: Ferrothorn|4/100 brn|[from] brn
|upkeep
|turn|55
|
|switch|p1a: Ditto|Ditto|100/100
|-damage|p1a: Ditto|88/100|[from] Spikes
|-damage|p1a: Ditto|76/100|[from] Stealth Rock
|-transform|p1a: Ditto|p2a: Ferrothorn|[from] ability: Imposter
|move|p2a: Ferrothorn|Leech Seed|p1a: Ditto
|-immune|p1a: Ditto
|
|-damage|p2a: Ferrothorn|0 fnt|[from] brn
|faint|p2a: Ferrothorn
|upkeep
|
|switch|p2a: Avalugg|Avalugg, F|28/100
|turn|56
|
|move|p1a: Ditto|Toxic|p2a: Avalugg
|-status|p2a: Avalugg|tox
|move|p2a: Avalugg|Recover|p2a: Avalugg
|-heal|p2a: Avalugg|78/100 tox
|
|-damage|p2a: Avalugg|72/100 tox|[from] psn
|upkeep
|turn|57
|
|switch|p1a: Vaporeon|Vaporeon, F|94/100 brn
|-damage|p1a: Vaporeon|82/100 brn|[from] Stealth Rock
|-damage|p1a: Vaporeon|69/100 brn|[from] Spikes
|move|p2a: Avalugg|Body Press|p1a: Vaporeon
|-damage|p1a: Vaporeon|38/100 brn
|
|-heal|p1a: Vaporeon|45/100 brn|[from] item: Leftovers
|-damage|p1a: Vaporeon|38/100 brn|[from] brn
|-damage|p2a: Avalugg|59/100 tox|[from] psn
|upkeep
|turn|58
|
|move|p1a: Vaporeon|Wish|p1a: Vaporeon
|move|p2a: Avalugg|Body Press|p1a: Vaporeon
|-damage|p1a: Vaporeon|8/100 brn
|
|-heal|p1a: Vaporeon|14/100 brn|[from] item: Leftovers
|-damage|p1a: Vaporeon|8/100 brn|[from] brn
|-damage|p2a: Avalugg|41/100 tox|[from] psn
|upkeep
|turn|59
|
|switch|p2a: Corsola|Corsola-Galar, M|75/100
|-damage|p2a: Corsola|63/100|[from] Stealth Rock
|move|p1a: Vaporeon|Protect||[still]
|-fail|p1a: Vaporeon
|
|-heal|p1a: Vaporeon|58/100 brn|[from] move: Wish|[wisher] Vaporeon
|-heal|p1a: Vaporeon|64/100 brn|[from] item: Leftovers
|-damage|p1a: Vaporeon|58/100 brn|[from] brn
|upkeep
|turn|60
|
|move|p1a: Vaporeon|Wish|p1a: Vaporeon
|move|p2a: Corsola|Strength Sap|p1a: Vaporeon
|-unboost|p1a: Vaporeon|atk|1
|-heal|p2a: Corsola|99/100
|
|-heal|p1a: Vaporeon|64/100 brn|[from] item: Leftovers
|-damage|p1a: Vaporeon|58/100 brn|[from] brn
|upkeep
|turn|61
|
|move|p1a: Vaporeon|Protect|p1a: Vaporeon
|-singleturn|p1a: Vaporeon|Protect
|move|p2a: Corsola|Night Shade|p1a: Vaporeon
|-activate|p1a: Vaporeon|move: Protect
|
|-heal|p1a: Vaporeon|100/100 brn|[from] move: Wish|[wisher] Vaporeon
|-damage|p1a: Vaporeon|94/100 brn|[from] brn
|upkeep
|turn|62
|
|switch|p2a: Ditto|Ditto|9/100
|-damage|p2a: Ditto|0 fnt|[from] Stealth Rock
|faint|p2a: Ditto
|move|p1a: Vaporeon|Wish|p1a: Vaporeon
|
|-heal|p1a: Vaporeon|100/100 brn|[from] item: Leftovers
|-damage|p1a: Vaporeon|94/100 brn|[from] brn
|upkeep
|-message|LeaderMissingNo forfeited.
|
|win|diaperbabe29
|l|☆LeaderMissingNo
