|ScrapeTime|2020-01-02-23:26:24
|j|☆Raisin
|j|☆torisuma
|player|p1|Raisin|265|1203
|player|p2|torisuma|lana|1200
|teamsize|p1|6
|teamsize|p2|6
|gametype|singles
|gen|8
|tier|[Gen 8] OU
|rated|
|rule|Sleep Clause Mod: Limit one foe put to sleep
|rule|Species Clause: Limit one of each Pokémon
|rule|OHKO Clause: OHKO moves are banned
|rule|Evasion Moves Clause: Evasion moves are banned
|rule|Endless Battle Clause: Forcing endless battles is banned
|rule|HP Percentage Mod: HP is shown in percentages
|clearpoke
|poke|p1|Dragapult, F|
|poke|p1|Ferrothorn, M|
|poke|p1|Mandibuzz, F|
|poke|p1|Cinderace, M|
|poke|p1|Togekiss, F|
|poke|p1|Dracovish|
|poke|p2|Mimikyu, F|
|poke|p2|Indeedee, M|
|poke|p2|Hawlucha, M|
|poke|p2|Cinderace, F|
|poke|p2|Seismitoad, F|
|poke|p2|Excadrill, M|
|rule|Dynamax Clause: You cannot dynamax
|teampreview
|
|start
|switch|p1a: Dracovish|Dracovish|100/100
|switch|p2a: Cinderace|Cinderace, F|100/100
|turn|1
|
|switch|p2a: Seismitoad|Seismitoad, F|100/100
|move|p1a: Dracovish|Fishious Rend|p2a: Seismitoad
|-immune|p2a: Seismitoad|[from] ability: Water Absorb
|
|upkeep
|turn|2
|
|switch|p1a: Ferrothorn|Ferrothorn, M|100/100
|move|p2a: Seismitoad|Stealth Rock|p1a: Ferrothorn
|-sidestart|p1: Raisin|move: Stealth Rock
|
|upkeep
|turn|3
|
|switch|p2a: Cinderace|Cinderace, F|100/100
|move|p1a: Ferrothorn|Spikes|p2a: Cinderace
|-sidestart|p2: torisuma|Spikes
|
|upkeep
|turn|4
|
|switch|p1a: Mandibuzz|Mandibuzz, F|100/100
|move|p2a: Cinderace|U-turn|p1a: Mandibuzz
|-damage|p1a: Mandibuzz|88/100
|
|switch|p2a: Seismitoad|Seismitoad, F|100/100|[from]move: U-turn
|-damage|p2a: Seismitoad|88/100|[from] Spikes
|
|-heal|p2a: Seismitoad|94/100|[from] item: Leftovers
|upkeep
|turn|5
|
|move|p1a: Mandibuzz|Toxic|p2a: Seismitoad
|-status|p2a: Seismitoad|tox
|move|p2a: Seismitoad|Toxic|p1a: Mandibuzz
|-status|p1a: Mandibuzz|tox
|
|-heal|p2a: Seismitoad|99/100 tox|[from] item: Leftovers
|-damage|p1a: Mandibuzz|82/100 tox|[from] psn
|-damage|p2a: Seismitoad|94/100 tox|[from] psn
|upkeep
|turn|6
|
|move|p1a: Mandibuzz|Knock Off|p2a: Seismitoad
|-damage|p2a: Seismitoad|80/100 tox
|-enditem|p2a: Seismitoad|Leftovers|[from] move: Knock Off|[of] p1a: Mandibuzz
|move|p2a: Seismitoad|Scald|p1a: Mandibuzz
|-damage|p1a: Mandibuzz|62/100 tox
|
|-damage|p1a: Mandibuzz|50/100 tox|[from] psn
|-damage|p2a: Seismitoad|68/100 tox|[from] psn
|upkeep
|turn|7
|
|switch|p2a: Cinderace|Cinderace, F|100/100
|move|p1a: Mandibuzz|Roost|p1a: Mandibuzz
|-heal|p1a: Mandibuzz|99/100 tox
|-singleturn|p1a: Mandibuzz|move: Roost
|
|-damage|p1a: Mandibuzz|82/100 tox|[from] psn
|upkeep
|turn|8
|
|move|p2a: Cinderace|U-turn|p1a: Mandibuzz
|-damage|p1a: Mandibuzz|68/100 tox
|
|switch|p2a: Excadrill|Excadrill, M|100/100|[from]move: U-turn
|-damage|p2a: Excadrill|88/100|[from] Spikes
|-ability|p2a: Excadrill|Mold Breaker
|move|p1a: Mandibuzz|Defog|p2a: Excadrill
|-unboost|p2a: Excadrill|evasion|1
|-sideend|p2: torisuma|Spikes|[from] move: Defog|[of] p1a: Mandibuzz
|-sideend|p1: Raisin|Stealth Rock|[from] move: Defog|[of] p1a: Mandibuzz
|
|-damage|p1a: Mandibuzz|44/100 tox|[from] psn
|upkeep
|turn|9
|
|switch|p1a: Togekiss|Togekiss, F|100/100
|move|p2a: Excadrill|Stealth Rock|p1a: Togekiss
|-sidestart|p1: Raisin|move: Stealth Rock
|
|upkeep
|turn|10
|
|move|p2a: Excadrill|Iron Head|p1a: Togekiss
|-supereffective|p1a: Togekiss
|-damage|p1a: Togekiss|0 fnt
|faint|p1a: Togekiss
|
|upkeep
|
|switch|p1a: Cinderace|Cinderace, M|100/100
|-damage|p1a: Cinderace|76/100|[from] Stealth Rock
|turn|11
|
|move|p1a: Cinderace|Pyro Ball|p2a: Excadrill
|-supereffective|p2a: Excadrill
|-damage|p2a: Excadrill|0 fnt
|-damage|p1a: Cinderace|66/100|[from] item: Life Orb
|faint|p2a: Excadrill
|
|upkeep
|
|switch|p2a: Seismitoad|Seismitoad, F|68/100 tox
|turn|12
|
|switch|p2a: Cinderace|Cinderace, F|100/100
|move|p1a: Cinderace|High Jump Kick|p2a: Cinderace
|-damage|p2a: Cinderace|28/100
|-damage|p1a: Cinderace|56/100|[from] item: Life Orb
|
|upkeep
|turn|13
|
|switch|p2a: Mimikyu|Mimikyu, F|100/100
|move|p1a: Cinderace|Sucker Punch||[still]
|-fail|p1a: Cinderace
|
|upkeep
|turn|14
|
|move|p1a: Cinderace|Pyro Ball|p2a: Mimikyu
|-activate|p2a: Mimikyu|ability: Disguise
|-damage|p2a: Mimikyu|100/100
|detailschange|p2a: Mimikyu|Mimikyu-Busted, F
|-damage|p2a: Mimikyu|88/100|[from] ability: Disguise|[of] p2a: Mimikyu
|-enditem|p2a: Mimikyu|Red Card|[of] p1a: Cinderace
|-damage|p1a: Cinderace|46/100|[from] item: Life Orb
|drag|p1a: Dracovish|Dracovish|100/100
|-damage|p1a: Dracovish|88/100|[from] Stealth Rock
|move|p2a: Mimikyu|Swords Dance|p2a: Mimikyu
|-boost|p2a: Mimikyu|atk|2
|
|upkeep
|turn|15
|
|switch|p2a: Seismitoad|Seismitoad, F|68/100 tox
|move|p1a: Dracovish|Fishious Rend|p2a: Seismitoad
|-heal|p2a: Seismitoad|93/100 tox|[from] ability: Water Absorb|[of] p1a: Dracovish
|
|-damage|p2a: Seismitoad|86/100 tox|[from] psn
|upkeep
|turn|16
|
|switch|p1a: Mandibuzz|Mandibuzz, F|44/100 tox
|switch|p2a: Cinderace|Cinderace, F|28/100
|
|-damage|p1a: Mandibuzz|38/100 tox|[from] psn
|upkeep
|turn|17
|
|move|p2a: Cinderace|Pyro Ball|p1a: Mandibuzz
|-damage|p1a: Mandibuzz|0 fnt
|faint|p1a: Mandibuzz
|
|upkeep
|
|switch|p1a: Dragapult|Dragapult, F|100/100
|-damage|p1a: Dragapult|88/100|[from] Stealth Rock
|turn|18
|
|switch|p2a: Mimikyu|Mimikyu-Busted, F|88/100
|move|p1a: Dragapult|U-turn|p2a: Mimikyu
|-resisted|p2a: Mimikyu
|-damage|p2a: Mimikyu|81/100
|
|switch|p1a: Ferrothorn|Ferrothorn, M|100/100|[from]move: U-turn
|-damage|p1a: Ferrothorn|95/100|[from] Stealth Rock
|
|-heal|p1a: Ferrothorn|100/100|[from] item: Leftovers
|upkeep
|turn|19
|
|move|p2a: Mimikyu|Swords Dance|p2a: Mimikyu
|-boost|p2a: Mimikyu|atk|2
|move|p1a: Ferrothorn|Spikes|p2a: Mimikyu
|-sidestart|p2: torisuma|Spikes
|
|upkeep
|turn|20
|
|move|p2a: Mimikyu|Drain Punch|p1a: Ferrothorn
|-supereffective|p1a: Ferrothorn
|-damage|p1a: Ferrothorn|53/100
|-heal|p2a: Mimikyu|100/100|[from] drain|[of] p1a: Ferrothorn
|-damage|p2a: Mimikyu|88/100|[from] ability: Iron Barbs|[of] p1a: Ferrothorn
|move|p1a: Ferrothorn|Gyro Ball|p2a: Mimikyu
|-supereffective|p2a: Mimikyu
|-damage|p2a: Mimikyu|0 fnt
|faint|p2a: Mimikyu
|
|-heal|p1a: Ferrothorn|59/100|[from] item: Leftovers
|upkeep
|
|switch|p2a: Indeedee|Indeedee, M|100/100
|-damage|p2a: Indeedee|88/100|[from] Spikes
|-fieldstart|move: Psychic Terrain|[from] ability: Psychic Surge|[of] p2a: Indeedee
|turn|21
|
|switch|p1a: Dracovish|Dracovish|88/100
|-damage|p1a: Dracovish|76/100|[from] Stealth Rock
|move|p2a: Indeedee|Mystical Fire|p1a: Dracovish
|-resisted|p1a: Dracovish
|-crit|p1a: Dracovish
|-damage|p1a: Dracovish|59/100
|-unboost|p1a: Dracovish|spa|1
|
|upkeep
|turn|22
|
|switch|p2a: Seismitoad|Seismitoad, F|86/100 tox
|-damage|p2a: Seismitoad|74/100 tox|[from] Spikes
|move|p1a: Dracovish|Psychic Fangs|p2a: Seismitoad
|-damage|p2a: Seismitoad|41/100 tox
|
|-damage|p2a: Seismitoad|35/100 tox|[from] psn
|upkeep
|turn|23
|
|move|p1a: Dracovish|Psychic Fangs|p2a: Seismitoad
|-damage|p2a: Seismitoad|3/100 tox
|move|p2a: Seismitoad|Earthquake|p1a: Dracovish
|-damage|p1a: Dracovish|23/100
|
|-damage|p2a: Seismitoad|0 fnt|[from] psn
|faint|p2a: Seismitoad
|upkeep
|
|switch|p2a: Hawlucha|Hawlucha, M|100/100
|-enditem|p2a: Hawlucha|Psychic Seed
|-boost|p2a: Hawlucha|spd|1
|turn|24
|
|move|p2a: Hawlucha|Acrobatics|p1a: Dracovish
|-crit|p1a: Dracovish
|-damage|p1a: Dracovish|0 fnt
|faint|p1a: Dracovish
|
|upkeep
|
|switch|p1a: Dragapult|Dragapult, F|88/100
|-damage|p1a: Dragapult|76/100|[from] Stealth Rock
|turn|25
|
|move|p2a: Hawlucha|Acrobatics|p1a: Dragapult
|-damage|p1a: Dragapult|4/100
|move|p1a: Dragapult|Shadow Ball|p2a: Hawlucha
|-damage|p2a: Hawlucha|44/100
|-unboost|p2a: Hawlucha|spd|1
|
|-fieldend|move: Psychic Terrain
|upkeep
|turn|26
|
|move|p2a: Hawlucha|Acrobatics|p1a: Dragapult
|-damage|p1a: Dragapult|0 fnt
|faint|p1a: Dragapult
|
|upkeep
|-message|Raisin forfeited.
|
|win|torisuma
|l|☆Raisin
