|ScrapeTime|2020-01-03-01:14:57
|j|☆Salty Eyes
|j|‽jkbnhjhkh
|player|p1|Salty Eyes|210|1000
|player|p2|jkbnhjhkh|1|1077
|teamsize|p1|6
|teamsize|p2|6
|gametype|singles
|gen|8
|tier|[Gen 8] OU
|rated|
|rule|Sleep Clause Mod: Limit one foe put to sleep
|rule|Species Clause: Limit one of each Pokémon
|rule|OHKO Clause: OHKO moves are banned
|rule|Evasion Moves Clause: Evasion moves are banned
|rule|Endless Battle Clause: Forcing endless battles is banned
|rule|HP Percentage Mod: HP is shown in percentages
|clearpoke
|poke|p1|Polteageist|
|poke|p1|Grimmsnarl, M|
|poke|p1|Cinderace, M|
|poke|p1|Seismitoad, M|
|poke|p1|Ferrothorn, M|
|poke|p1|Dracozolt|
|poke|p2|Indeedee, M|
|poke|p2|Cinderace, M|
|poke|p2|Hawlucha, F|
|poke|p2|Ferrothorn, M|
|poke|p2|Dracozolt|
|poke|p2|Mandibuzz, F|
|rule|Dynamax Clause: You cannot dynamax
|teampreview
|
|start
|switch|p1a: Seismitoad|Seismitoad, M|100/100
|switch|p2a: Cinderace|Cinderace, M|100/100
|turn|1
|inactive|Battle timer is ON: inactive players will automatically lose when time's up. (requested by jkbnhjhkh)
|
|move|p2a: Cinderace|High Jump Kick|p1a: Seismitoad
|-damage|p1a: Seismitoad|44/100
|move|p1a: Seismitoad|Earthquake|p2a: Cinderace
|-supereffective|p2a: Cinderace
|-damage|p2a: Cinderace|15/100
|
|-heal|p1a: Seismitoad|50/100|[from] item: Leftovers
|upkeep
|turn|2
|
|switch|p2a: Mandibuzz|Mandibuzz, F|100/100
|switch|p1a: Polteageist|Polteageist|100/100
|
|upkeep
|turn|3
|
|switch|p1a: Grimmsnarl|Grimmsnarl, M|100/100
|move|p2a: Mandibuzz|U-turn|p1a: Grimmsnarl
|-damage|p1a: Grimmsnarl|91/100
|
|switch|p2a: Ferrothorn|Ferrothorn, M|100/100|[from]move: U-turn
|
|upkeep
|turn|4
|
|switch|p1a: Cinderace|Cinderace, M|100/100
|move|p2a: Ferrothorn|Leech Seed|p1a: Cinderace
|-start|p1a: Cinderace|move: Leech Seed
|
|-damage|p1a: Cinderace|88/100|[from] Leech Seed|[of] p2a: Ferrothorn
|upkeep
|turn|5
|
|move|p2a: Ferrothorn|Protect|p2a: Ferrothorn
|-singleturn|p2a: Ferrothorn|Protect
|move|p1a: Cinderace|U-turn|p2a: Ferrothorn
|-activate|p2a: Ferrothorn|move: Protect
|
|-damage|p1a: Cinderace|76/100|[from] Leech Seed|[of] p2a: Ferrothorn
|upkeep
|turn|6
|
|switch|p2a: Mandibuzz|Mandibuzz, F|100/100
|move|p1a: Cinderace|Pyro Ball|p2a: Mandibuzz|[miss]
|-miss|p1a: Cinderace|p2a: Mandibuzz
|
|-damage|p1a: Cinderace|64/100|[from] Leech Seed|[of] p2a: Mandibuzz
|upkeep
|turn|7
|
|move|p1a: Cinderace|U-turn|p2a: Mandibuzz
|-damage|p2a: Mandibuzz|87/100
|
|switch|p1a: Dracozolt|Dracozolt|100/100|[from]move: U-turn
|move|p2a: Mandibuzz|U-turn|p1a: Dracozolt
|-damage|p1a: Dracozolt|88/100
|
|switch|p2a: Ferrothorn|Ferrothorn, M|100/100|[from]move: U-turn
|
|upkeep
|turn|8
|
|move|p1a: Dracozolt|Low Kick|p2a: Ferrothorn
|-supereffective|p2a: Ferrothorn
|-damage|p2a: Ferrothorn|42/100
|-damage|p1a: Dracozolt|76/100|[from] ability: Iron Barbs|[of] p2a: Ferrothorn
|move|p2a: Ferrothorn|Stealth Rock|p1a: Dracozolt
|-sidestart|p1: Salty Eyes|move: Stealth Rock
|
|-heal|p2a: Ferrothorn|48/100|[from] item: Leftovers
|upkeep
|turn|9
|
|move|p2a: Ferrothorn|Protect|p2a: Ferrothorn
|-singleturn|p2a: Ferrothorn|Protect
|move|p1a: Dracozolt|Low Kick|p2a: Ferrothorn
|-activate|p2a: Ferrothorn|move: Protect
|
|-heal|p2a: Ferrothorn|54/100|[from] item: Leftovers
|upkeep
|turn|10
|
|switch|p2a: Mandibuzz|Mandibuzz, F|87/100
|move|p1a: Dracozolt|Low Kick|p2a: Mandibuzz|[miss]
|-miss|p1a: Dracozolt|p2a: Mandibuzz
|
|upkeep
|turn|11
|
|switch|p1a: Ferrothorn|Ferrothorn, M|100/100
|-damage|p1a: Ferrothorn|94/100|[from] Stealth Rock
|move|p2a: Mandibuzz|U-turn|p1a: Ferrothorn
|-damage|p1a: Ferrothorn|85/100
|-damage|p2a: Mandibuzz|75/100|[from] ability: Iron Barbs|[of] p1a: Ferrothorn
|
|switch|p2a: Cinderace|Cinderace, M|15/100|[from]move: U-turn
|
|-heal|p1a: Ferrothorn|91/100|[from] item: Leftovers
|upkeep
|turn|12
|
|switch|p1a: Grimmsnarl|Grimmsnarl, M|91/100
|-damage|p1a: Grimmsnarl|79/100|[from] Stealth Rock
|move|p2a: Cinderace|Pyro Ball|p1a: Grimmsnarl|[miss]
|-miss|p2a: Cinderace|p1a: Grimmsnarl
|
|upkeep
|turn|13
|
|move|p1a: Grimmsnarl|Reflect|p1a: Grimmsnarl
|-sidestart|p1: Salty Eyes|Reflect
|move|p2a: Cinderace|Pyro Ball|p1a: Grimmsnarl
|-damage|p1a: Grimmsnarl|25/100
|-status|p1a: Grimmsnarl|brn
|
|-damage|p1a: Grimmsnarl|19/100 brn|[from] brn
|upkeep
|turn|14
|
|move|p1a: Grimmsnarl|Thunder Wave|p2a: Cinderace
|-status|p2a: Cinderace|par
|move|p2a: Cinderace|Pyro Ball|p1a: Grimmsnarl
|-damage|p1a: Grimmsnarl|0 fnt
|faint|p1a: Grimmsnarl
|
|upkeep
|
|switch|p1a: Dracozolt|Dracozolt|76/100
|-damage|p1a: Dracozolt|63/100|[from] Stealth Rock
|turn|15
|
|switch|p2a: Ferrothorn|Ferrothorn, M|54/100
|move|p1a: Dracozolt|Bolt Beak|p2a: Ferrothorn
|-resisted|p2a: Ferrothorn
|-damage|p2a: Ferrothorn|20/100
|-damage|p1a: Dracozolt|51/100|[from] ability: Iron Barbs|[of] p2a: Ferrothorn
|
|-heal|p2a: Ferrothorn|26/100|[from] item: Leftovers
|upkeep
|turn|16
|
|move|p2a: Ferrothorn|Protect|p2a: Ferrothorn
|-singleturn|p2a: Ferrothorn|Protect
|move|p1a: Dracozolt|Bolt Beak|p2a: Ferrothorn
|-activate|p2a: Ferrothorn|move: Protect
|
|-heal|p2a: Ferrothorn|32/100|[from] item: Leftovers
|upkeep
|turn|17
|
|switch|p2a: Dracozolt|Dracozolt|100/100
|move|p1a: Dracozolt|Bolt Beak|p2a: Dracozolt
|-resisted|p2a: Dracozolt
|-damage|p2a: Dracozolt|67/100
|
|upkeep
|turn|18
|
|switch|p2a: Indeedee|Indeedee, M|100/100
|-fieldstart|move: Psychic Terrain|[from] ability: Psychic Surge|[of] p2a: Indeedee
|switch|p1a: Ferrothorn|Ferrothorn, M|91/100
|-damage|p1a: Ferrothorn|85/100|[from] Stealth Rock
|
|-heal|p1a: Ferrothorn|91/100|[from] item: Leftovers
|upkeep
|turn|19
|
|move|p2a: Indeedee|Mystical Fire|p1a: Ferrothorn
|-supereffective|p1a: Ferrothorn
|-damage|p1a: Ferrothorn|3/100
|-unboost|p1a: Ferrothorn|spa|1
|move|p1a: Ferrothorn|Spikes|p2a: Indeedee
|-sidestart|p2: jkbnhjhkh|Spikes
|
|-heal|p1a: Ferrothorn|9/100|[from] item: Leftovers
|upkeep
|turn|20
|
|move|p2a: Indeedee|Mystical Fire|p1a: Ferrothorn
|-supereffective|p1a: Ferrothorn
|-damage|p1a: Ferrothorn|0 fnt
|faint|p1a: Ferrothorn
|
|-sideend|p1: Salty Eyes|Reflect
|upkeep
|
|switch|p1a: Cinderace|Cinderace, M|64/100
|turn|21
|
|switch|p2a: Cinderace|Cinderace, M|15/100 par
|-damage|p2a: Cinderace|2/100 par|[from] Spikes
|move|p1a: Cinderace|Pyro Ball|p2a: Cinderace
|-resisted|p2a: Cinderace
|-damage|p2a: Cinderace|0 fnt
|faint|p2a: Cinderace
|
|upkeep
|
|switch|p2a: Hawlucha|Hawlucha, F|100/100
|-enditem|p2a: Hawlucha|Psychic Seed
|-boost|p2a: Hawlucha|spd|1
|turn|22
|
|move|p2a: Hawlucha|Brave Bird|p1a: Cinderace
|-damage|p1a: Cinderace|0 fnt
|-damage|p2a: Hawlucha|80/100|[from] Recoil
|faint|p1a: Cinderace
|
|-fieldend|move: Psychic Terrain
|upkeep
|
|switch|p1a: Dracozolt|Dracozolt|51/100
|-damage|p1a: Dracozolt|38/100|[from] Stealth Rock
|turn|23
|
|move|p2a: Hawlucha|Close Combat|p1a: Dracozolt
|-damage|p1a: Dracozolt|0 fnt
|-unboost|p2a: Hawlucha|def|1
|-unboost|p2a: Hawlucha|spd|1
|faint|p1a: Dracozolt
|
|upkeep
|-message|Salty Eyes forfeited.
|
|win|jkbnhjhkh
|l|☆Salty Eyes
|raw|Salty Eyes's rating: 1000 → 1000(+0 for losing)
|raw|jkbnhjhkh's rating: 1077 → 1099(+22 for winning)
