|ScrapeTime|2020-01-01-05:26:33
|j|☆undaddy
|j|☆EviGaro
|player|p1|undaddy|wally|1521
|player|p2|EviGaro|lucy-gen3|1543
|teamsize|p1|6
|teamsize|p2|6
|gametype|singles
|gen|8
|tier|[Gen 8] OU
|rated|
|rule|Sleep Clause Mod: Limit one foe put to sleep
|rule|Species Clause: Limit one of each Pokémon
|rule|OHKO Clause: OHKO moves are banned
|rule|Evasion Moves Clause: Evasion moves are banned
|rule|Endless Battle Clause: Forcing endless battles is banned
|rule|HP Percentage Mod: HP is shown in percentages
|clearpoke
|poke|p1|Dracozolt|
|poke|p1|Clefable, F|
|poke|p1|Toxapex, M|
|poke|p1|Corviknight, M|
|poke|p1|Hydreigon, F|
|poke|p1|Diggersby, F|
|poke|p2|Obstagoon, M|
|poke|p2|Seismitoad, M|
|poke|p2|Ferrothorn, F|
|poke|p2|Corviknight, M|
|poke|p2|Arcanine, F|
|poke|p2|Hydreigon, M|
|rule|Dynamax Clause: You cannot dynamax
|teampreview
|j|‽A New King
|inactive|Battle timer is ON: inactive players will automatically lose when time's up. (requested by undaddy)
|inactive|EviGaro has 120 seconds left.
|
|start
|switch|p1a: Hydreigon|Hydreigon, F|100/100
|switch|p2a: Arcanine|Arcanine, F|100/100
|turn|1
|
|move|p1a: Hydreigon|Nasty Plot|p1a: Hydreigon
|-boost|p1a: Hydreigon|spa|2
|move|p2a: Arcanine|Close Combat|p1a: Hydreigon
|-supereffective|p1a: Hydreigon
|-damage|p1a: Hydreigon|11/100
|-unboost|p2a: Arcanine|def|1
|-unboost|p2a: Arcanine|spd|1
|
|-heal|p1a: Hydreigon|17/100|[from] item: Leftovers
|upkeep
|turn|2
|
|switch|p2a: Hydreigon|Hydreigon, M|100/100
|move|p1a: Hydreigon|Draco Meteor|p2a: Hydreigon
|-supereffective|p2a: Hydreigon
|-damage|p2a: Hydreigon|0 fnt
|-unboost|p1a: Hydreigon|spa|2
|faint|p2a: Hydreigon
|
|-heal|p1a: Hydreigon|24/100|[from] item: Leftovers
|upkeep
|j| NFED Baboon
|c|☆EviGaro|huh
|
|switch|p2a: Obstagoon|Obstagoon, M|100/100
|turn|3
|
|switch|p1a: Corviknight|Corviknight, M|100/100
|move|p2a: Obstagoon|Facade|p1a: Corviknight
|-resisted|p1a: Corviknight
|-damage|p1a: Corviknight|91/100
|-damage|p2a: Obstagoon|84/100|[from] item: Rocky Helmet|[of] p1a: Corviknight
|
|-status|p2a: Obstagoon|brn|[from] item: Flame Orb
|upkeep
|turn|4
|j| Toxapex is BROKEN!
|
|switch|p1a: Diggersby|Diggersby, F|100/100
|move|p2a: Obstagoon|Knock Off|p1a: Diggersby
|-damage|p1a: Diggersby|19/100
|-enditem|p1a: Diggersby|Choice Scarf|[from] move: Knock Off|[of] p2a: Obstagoon
|
|-damage|p2a: Obstagoon|78/100 brn|[from] brn
|upkeep
|turn|5
|
|move|p2a: Obstagoon|Knock Off|p1a: Diggersby
|-damage|p1a: Diggersby|0 fnt
|faint|p1a: Diggersby
|
|-damage|p2a: Obstagoon|72/100 brn|[from] brn
|upkeep
|
|switch|p1a: Clefable|Clefable, F|100/100
|turn|6
|
|switch|p2a: Arcanine|Arcanine, F|100/100
|move|p1a: Clefable|Stealth Rock|p2a: Arcanine
|-sidestart|p2: EviGaro|move: Stealth Rock
|
|upkeep
|turn|7
|
|switch|p1a: Toxapex|Toxapex, M|100/100
|move|p2a: Arcanine|Will-O-Wisp|p1a: Toxapex
|-status|p1a: Toxapex|brn
|
|-damage|p1a: Toxapex|94/100 brn|[from] brn
|upkeep
|turn|8
|
|switch|p2a: Seismitoad|Seismitoad, M|100/100
|-damage|p2a: Seismitoad|94/100|[from] Stealth Rock
|switch|p1a: Dracozolt|Dracozolt|100/100
|
|-heal|p2a: Seismitoad|100/100|[from] item: Leftovers
|upkeep
|turn|9
|
|move|p1a: Dracozolt|Dragon Claw|p2a: Seismitoad
|-damage|p2a: Seismitoad|44/100
|move|p2a: Seismitoad|Stealth Rock|p1a: Dracozolt
|-sidestart|p1: undaddy|move: Stealth Rock
|
|-heal|p2a: Seismitoad|50/100|[from] item: Leftovers
|upkeep
|turn|10
|
|switch|p2a: Ferrothorn|Ferrothorn, F|100/100
|-damage|p2a: Ferrothorn|94/100|[from] Stealth Rock
|move|p1a: Dracozolt|Dragon Claw|p2a: Ferrothorn
|-resisted|p2a: Ferrothorn
|-damage|p2a: Ferrothorn|70/100
|-damage|p1a: Dracozolt|88/100|[from] ability: Iron Barbs|[of] p2a: Ferrothorn
|
|-heal|p2a: Ferrothorn|76/100|[from] item: Leftovers
|upkeep
|turn|11
|
|switch|p1a: Corviknight|Corviknight, M|91/100
|-damage|p1a: Corviknight|79/100|[from] Stealth Rock
|move|p2a: Ferrothorn|Leech Seed|p1a: Corviknight
|-start|p1a: Corviknight|move: Leech Seed
|
|-heal|p2a: Ferrothorn|82/100|[from] item: Leftovers
|-damage|p1a: Corviknight|66/100|[from] Leech Seed|[of] p2a: Ferrothorn
|-heal|p2a: Ferrothorn|96/100|[silent]
|upkeep
|turn|12
|
|switch|p1a: Dracozolt|Dracozolt|88/100
|-damage|p1a: Dracozolt|76/100|[from] Stealth Rock
|switch|p2a: Seismitoad|Seismitoad, M|50/100
|-damage|p2a: Seismitoad|44/100|[from] Stealth Rock
|
|-heal|p2a: Seismitoad|50/100|[from] item: Leftovers
|upkeep
|turn|13
|
|switch|p2a: Ferrothorn|Ferrothorn, F|96/100
|-damage|p2a: Ferrothorn|90/100|[from] Stealth Rock
|move|p1a: Dracozolt|Fire Fang|p2a: Ferrothorn
|-supereffective|p2a: Ferrothorn
|-damage|p2a: Ferrothorn|0 fnt
|-damage|p1a: Dracozolt|63/100|[from] ability: Iron Barbs|[of] p2a: Ferrothorn
|faint|p2a: Ferrothorn
|
|upkeep
|
|switch|p2a: Arcanine|Arcanine, F|100/100
|turn|14
|
|switch|p2a: Seismitoad|Seismitoad, M|50/100
|-damage|p2a: Seismitoad|44/100|[from] Stealth Rock
|switch|p1a: Toxapex|Toxapex, M|100/100 brn
|-damage|p1a: Toxapex|88/100 brn|[from] Stealth Rock
|
|-heal|p2a: Seismitoad|50/100|[from] item: Leftovers
|-heal|p1a: Toxapex|94/100 brn|[from] item: Black Sludge
|-damage|p1a: Toxapex|88/100 brn|[from] brn
|upkeep
|turn|15
|
|move|p2a: Seismitoad|Earth Power|p1a: Toxapex
|-supereffective|p1a: Toxapex
|-damage|p1a: Toxapex|47/100 brn
|move|p1a: Toxapex|Toxic Spikes|p2a: Seismitoad
|-sidestart|p2: EviGaro|move: Toxic Spikes
|
|-heal|p2a: Seismitoad|57/100|[from] item: Leftovers
|-heal|p1a: Toxapex|53/100 brn|[from] item: Black Sludge
|-damage|p1a: Toxapex|47/100 brn|[from] brn
|upkeep
|turn|16
|
|switch|p1a: Clefable|Clefable, F|100/100
|move|p2a: Seismitoad|Earth Power|p1a: Clefable
|-damage|p1a: Clefable|77/100
|
|-heal|p2a: Seismitoad|63/100|[from] item: Leftovers
|-heal|p1a: Clefable|83/100|[from] item: Leftovers
|upkeep
|turn|17
|
|switch|p2a: Arcanine|Arcanine, F|100/100
|move|p1a: Clefable|Moonblast|p2a: Arcanine
|-resisted|p2a: Arcanine
|-damage|p2a: Arcanine|81/100
|
|-heal|p1a: Clefable|89/100|[from] item: Leftovers
|upkeep
|turn|18
|
|move|p1a: Clefable|Protect|p1a: Clefable
|-singleturn|p1a: Clefable|Protect
|move|p2a: Arcanine|Flare Blitz|p1a: Clefable
|-activate|p1a: Clefable|move: Protect
|
|-heal|p1a: Clefable|95/100|[from] item: Leftovers
|upkeep
|turn|19
|
|move|p2a: Arcanine|Flare Blitz|p1a: Clefable
|-damage|p1a: Clefable|56/100
|-damage|p2a: Arcanine|65/100|[from] Recoil
|move|p1a: Clefable|Wish|p1a: Clefable
|
|-heal|p1a: Clefable|62/100|[from] item: Leftovers
|upkeep
|turn|20
|
|move|p1a: Clefable|Protect|p1a: Clefable
|-singleturn|p1a: Clefable|Protect
|move|p2a: Arcanine|Morning Sun|p2a: Arcanine
|-heal|p2a: Arcanine|100/100
|
|-heal|p1a: Clefable|100/100|[from] move: Wish|[wisher] Clefable
|upkeep
|turn|21
|
|switch|p1a: Toxapex|Toxapex, M|80/100 brn
|-damage|p1a: Toxapex|67/100 brn|[from] Stealth Rock
|move|p2a: Arcanine|Will-O-Wisp|p1a: Toxapex
|-fail|p1a: Toxapex|brn
|
|-heal|p1a: Toxapex|74/100 brn|[from] item: Black Sludge
|-damage|p1a: Toxapex|67/100 brn|[from] brn
|upkeep
|turn|22
|
|switch|p2a: Obstagoon|Obstagoon, M|72/100 brn
|-damage|p2a: Obstagoon|60/100 brn|[from] Stealth Rock
|move|p1a: Toxapex|Recover|p1a: Toxapex
|-heal|p1a: Toxapex|100/100 brn
|
|-damage|p2a: Obstagoon|53/100 brn|[from] brn
|-damage|p1a: Toxapex|94/100 brn|[from] brn
|upkeep
|turn|23
|
|move|p2a: Obstagoon|Knock Off|p1a: Toxapex
|-damage|p1a: Toxapex|57/100 brn
|-enditem|p1a: Toxapex|Black Sludge|[from] move: Knock Off|[of] p2a: Obstagoon
|move|p1a: Toxapex|Recover|p1a: Toxapex
|-heal|p1a: Toxapex|100/100 brn
|
|-damage|p2a: Obstagoon|47/100 brn|[from] brn
|-damage|p1a: Toxapex|94/100 brn|[from] brn
|upkeep
|turn|24
|j| AttackonSamurott
|
|switch|p2a: Corviknight|Corviknight, M|100/100
|-damage|p2a: Corviknight|88/100|[from] Stealth Rock
|-ability|p2a: Corviknight|Pressure
|move|p1a: Toxapex|Recover|p1a: Toxapex
|-heal|p1a: Toxapex|100/100 brn
|
|-heal|p2a: Corviknight|94/100|[from] item: Leftovers
|-damage|p1a: Toxapex|94/100 brn|[from] brn
|upkeep
|turn|25
|
|move|p2a: Corviknight|Bulk Up|p2a: Corviknight
|-boost|p2a: Corviknight|atk|1
|-boost|p2a: Corviknight|def|1
|move|p1a: Toxapex|Scald|p2a: Corviknight
|-damage|p2a: Corviknight|80/100
|-status|p2a: Corviknight|brn
|
|-heal|p2a: Corviknight|86/100 brn|[from] item: Leftovers
|-damage|p2a: Corviknight|80/100 brn|[from] brn
|-damage|p1a: Toxapex|88/100 brn|[from] brn
|upkeep
|turn|26
|
|switch|p1a: Dracozolt|Dracozolt|63/100
|-damage|p1a: Dracozolt|51/100|[from] Stealth Rock
|move|p2a: Corviknight|Bulk Up|p2a: Corviknight
|-boost|p2a: Corviknight|atk|1
|-boost|p2a: Corviknight|def|1
|
|-heal|p2a: Corviknight|86/100 brn|[from] item: Leftovers
|-damage|p2a: Corviknight|80/100 brn|[from] brn
|upkeep
|turn|27
|
|move|p1a: Dracozolt|Bolt Beak|p2a: Corviknight|[miss]
|-miss|p1a: Dracozolt|p2a: Corviknight
|move|p2a: Corviknight|Roost|p2a: Corviknight
|-heal|p2a: Corviknight|100/100 brn
|-singleturn|p2a: Corviknight|move: Roost
|
|-damage|p2a: Corviknight|94/100 brn|[from] brn
|upkeep
|turn|28
|
|switch|p2a: Seismitoad|Seismitoad, M|63/100
|-damage|p2a: Seismitoad|57/100|[from] Stealth Rock
|-status|p2a: Seismitoad|psn
|move|p1a: Dracozolt|Bolt Beak|p2a: Seismitoad
|-immune|p2a: Seismitoad
|
|-heal|p2a: Seismitoad|63/100 psn|[from] item: Leftovers
|-damage|p2a: Seismitoad|50/100 psn|[from] psn
|upkeep
|turn|29
|
|switch|p1a: Toxapex|Toxapex, M|100/100 brn
|-damage|p1a: Toxapex|88/100 brn|[from] Stealth Rock
|move|p2a: Seismitoad|Earth Power|p1a: Toxapex
|-supereffective|p1a: Toxapex
|-damage|p1a: Toxapex|49/100 brn
|
|-heal|p2a: Seismitoad|56/100 psn|[from] item: Leftovers
|-damage|p2a: Seismitoad|44/100 psn|[from] psn
|-damage|p1a: Toxapex|42/100 brn|[from] brn
|upkeep
|turn|30
|
|switch|p1a: Clefable|Clefable, F|100/100
|move|p2a: Seismitoad|Toxic|p1a: Clefable
|-status|p1a: Clefable|tox
|
|-heal|p2a: Seismitoad|50/100 psn|[from] item: Leftovers
|-damage|p2a: Seismitoad|38/100 psn|[from] psn
|upkeep
|turn|31
|
|switch|p2a: Arcanine|Arcanine, F|100/100
|switch|p1a: Dracozolt|Dracozolt|51/100
|-damage|p1a: Dracozolt|38/100|[from] Stealth Rock
|
|upkeep
|turn|32
|
|move|p2a: Arcanine|Will-O-Wisp|p1a: Dracozolt|[miss]
|-miss|p2a: Arcanine|p1a: Dracozolt
|move|p1a: Dracozolt|Bolt Beak|p2a: Arcanine
|-damage|p2a: Arcanine|0 fnt
|faint|p2a: Arcanine
|
|upkeep
|c|☆EviGaro|lol
|c|☆undaddy|easy
|-message|EviGaro forfeited.
|
|win|undaddy
|c|☆undaddy|was lum
|raw|undaddy's rating: 1521 → 1542(+21 for winning)
|raw|EviGaro's rating: 1543 → 1522(-21 for losing)
|c|☆undaddy|free
|c|☆undaddy|w
