|ScrapeTime|2020-01-03-00:45:01
|j|☆Rejyana
|j|☆considerable
|player|p1|Rejyana|dragontamer|1103
|player|p2|considerable|dawn|1076
|teamsize|p1|6
|teamsize|p2|6
|gametype|singles
|gen|8
|tier|[Gen 8] OU
|rated|
|rule|Sleep Clause Mod: Limit one foe put to sleep
|rule|Species Clause: Limit one of each Pokémon
|rule|OHKO Clause: OHKO moves are banned
|rule|Evasion Moves Clause: Evasion moves are banned
|rule|Endless Battle Clause: Forcing endless battles is banned
|rule|HP Percentage Mod: HP is shown in percentages
|clearpoke
|poke|p1|Cinderace, M|
|poke|p1|Hatterene, F|
|poke|p1|Mimikyu, M|
|poke|p1|Dragapult, M|
|poke|p1|Ferrothorn, M|
|poke|p1|Corsola-Galar, F|
|poke|p2|Hydreigon, F|
|poke|p2|Hippowdon, M|
|poke|p2|Excadrill, M|
|poke|p2|Rotom-Wash|
|poke|p2|Reuniclus, M|
|poke|p2|Ferrothorn, F|
|rule|Dynamax Clause: You cannot dynamax
|teampreview
|
|start
|switch|p1a: Cinderace|Cinderace, M|100/100
|switch|p2a: Hippowdon|Hippowdon, M|100/100
|-weather|Sandstorm|[from] ability: Sand Stream|[of] p2a: Hippowdon
|turn|1
|
|move|p1a: Cinderace|U-turn|p2a: Hippowdon
|-damage|p2a: Hippowdon|89/100
|
|switch|p1a: Hatterene|Hatterene, F|100/100|[from]move: U-turn
|move|p2a: Hippowdon|Earthquake|p1a: Hatterene
|-damage|p1a: Hatterene|69/100
|
|-weather|Sandstorm|[upkeep]
|-damage|p1a: Hatterene|63/100|[from] Sandstorm
|-heal|p1a: Hatterene|69/100|[from] item: Leftovers
|upkeep
|turn|2
|
|switch|p2a: Reuniclus|Reuniclus, M, shiny|100/100
|move|p1a: Hatterene|Calm Mind|p1a: Hatterene
|-boost|p1a: Hatterene|spa|1
|-boost|p1a: Hatterene|spd|1
|
|-weather|Sandstorm|[upkeep]
|-damage|p1a: Hatterene|63/100|[from] Sandstorm
|-heal|p1a: Hatterene|69/100|[from] item: Leftovers
|upkeep
|turn|3
|
|move|p2a: Reuniclus|Shadow Ball|p1a: Hatterene
|-supereffective|p1a: Hatterene
|-damage|p1a: Hatterene|14/100
|-unboost|p1a: Hatterene|spd|1
|move|p1a: Hatterene|Draining Kiss|p2a: Reuniclus
|-damage|p2a: Reuniclus|71/100
|-heal|p1a: Hatterene|43/100|[from] drain|[of] p2a: Reuniclus
|
|-weather|Sandstorm|[upkeep]
|-damage|p1a: Hatterene|37/100|[from] Sandstorm
|-heal|p1a: Hatterene|43/100|[from] item: Leftovers
|upkeep
|turn|4
|
|move|p2a: Reuniclus|Shadow Ball|p1a: Hatterene
|-supereffective|p1a: Hatterene
|-damage|p1a: Hatterene|0 fnt
|faint|p1a: Hatterene
|
|-weather|Sandstorm|[upkeep]
|upkeep
|
|switch|p1a: Dragapult|Dragapult, M|100/100
|turn|5
|
|move|p1a: Dragapult|Shadow Ball|p2a: Reuniclus
|-supereffective|p2a: Reuniclus
|-damage|p2a: Reuniclus|0 fnt
|faint|p2a: Reuniclus
|
|-weather|Sandstorm|[upkeep]
|-damage|p1a: Dragapult|95/100|[from] Sandstorm
|upkeep
|
|switch|p2a: Excadrill|Excadrill, M|100/100
|turn|6
|
|switch|p1a: Cinderace|Cinderace, M|100/100
|move|p2a: Excadrill|Earthquake|p1a: Cinderace
|-supereffective|p1a: Cinderace
|-damage|p1a: Cinderace|0 fnt
|-damage|p2a: Excadrill|91/100|[from] item: Life Orb
|faint|p1a: Cinderace
|
|-weather|Sandstorm|[upkeep]
|upkeep
|c|☆Rejyana|wp
|
|switch|p1a: Dragapult|Dragapult, M|95/100
|turn|7
|
|switch|p2a: Rotom|Rotom-Wash|100/100
|move|p1a: Dragapult|Fire Blast|p2a: Rotom
|-resisted|p2a: Rotom
|-damage|p2a: Rotom|73/100
|
|-weather|Sandstorm|[upkeep]
|-damage|p2a: Rotom|67/100|[from] Sandstorm
|-damage|p1a: Dragapult|89/100|[from] Sandstorm
|upkeep
|turn|8
|-message|Rejyana forfeited.
|
|win|considerable
|l|☆Rejyana
|raw|Rejyana's rating: 1082 → 1060(-22 for losing)
|raw|considerable's rating: 1077 → 1106(+29 for winning)
