|ScrapeTime|2020-01-01-19:25:05
|j|☆bittertruthbam
|j|☆newtrol
|player|p1|bittertruthbam|247|1171
|player|p2|newtrol|2|1157
|teamsize|p1|6
|teamsize|p2|6
|gametype|singles
|gen|8
|tier|[Gen 8] OU
|rated|
|rule|Sleep Clause Mod: Limit one foe put to sleep
|rule|Species Clause: Limit one of each Pokémon
|rule|OHKO Clause: OHKO moves are banned
|rule|Evasion Moves Clause: Evasion moves are banned
|rule|Endless Battle Clause: Forcing endless battles is banned
|rule|HP Percentage Mod: HP is shown in percentages
|clearpoke
|poke|p1|Rapidash-Galar, F|
|poke|p1|Dracovish|
|poke|p1|Toxtricity, M|
|poke|p1|Mandibuzz, F|
|poke|p1|Kommo-o, F|
|poke|p1|Avalugg, M|
|poke|p2|Cinderace, M|
|poke|p2|Frosmoth, F|
|poke|p2|Ditto|
|poke|p2|Corviknight, M|
|poke|p2|Dragapult, M|
|poke|p2|Corsola-Galar, M|
|rule|Dynamax Clause: You cannot dynamax
|teampreview
|
|start
|switch|p1a: Mandibuzz|Mandibuzz, F|100/100
|switch|p2a: Frosmoth|Frosmoth, F|100/100
|turn|1
|
|move|p2a: Frosmoth|Quiver Dance|p2a: Frosmoth
|-boost|p2a: Frosmoth|spa|1
|-boost|p2a: Frosmoth|spd|1
|-boost|p2a: Frosmoth|spe|1
|move|p1a: Mandibuzz|Toxic|p2a: Frosmoth
|-status|p2a: Frosmoth|tox
|
|-damage|p2a: Frosmoth|94/100 tox|[from] psn
|upkeep
|turn|2
|
|move|p2a: Frosmoth|Bug Buzz|p1a: Mandibuzz
|-damage|p1a: Mandibuzz|51/100
|-damage|p2a: Frosmoth|85/100 tox|[from] item: Life Orb
|move|p1a: Mandibuzz|Knock Off|p2a: Frosmoth
|-damage|p2a: Frosmoth|40/100 tox
|-enditem|p2a: Frosmoth|Life Orb|[from] move: Knock Off|[of] p1a: Mandibuzz
|
|-damage|p2a: Frosmoth|27/100 tox|[from] psn
|upkeep
|turn|3
|
|move|p2a: Frosmoth|Ice Beam|p1a: Mandibuzz
|-supereffective|p1a: Mandibuzz
|-damage|p1a: Mandibuzz|0 fnt
|faint|p1a: Mandibuzz
|
|-damage|p2a: Frosmoth|9/100 tox|[from] psn
|upkeep
|
|switch|p1a: Dracovish|Dracovish|100/100
|turn|4
|-activate|p1a: Dracovish|item: Quick Claw
|
|move|p1a: Dracovish|Crunch|p2a: Frosmoth
|-damage|p2a: Frosmoth|0 fnt
|faint|p2a: Frosmoth
|
|upkeep
|inactive|Battle timer is ON: inactive players will automatically lose when time's up. (requested by bittertruthbam)
|
|switch|p2a: Corviknight|Corviknight, M|100/100
|-ability|p2a: Corviknight|Pressure
|turn|5
|
|move|p1a: Dracovish|Fishious Rend|p2a: Corviknight
|-damage|p2a: Corviknight|30/100
|move|p2a: Corviknight|U-turn|p1a: Dracovish
|-damage|p1a: Dracovish|84/100
|
|switch|p2a: Dragapult|Dragapult, M|100/100|[from]move: U-turn
|
|upkeep
|turn|6
|
|switch|p1a: Rapidash|Rapidash-Galar, F|100/100
|move|p2a: Dragapult|Dragon Darts|p1a: Rapidash
|-immune|p1a: Rapidash
|
|upkeep
|turn|7
|inactive|newtrol has 120 seconds left.
|
|switch|p1a: Dracovish|Dracovish|84/100
|move|p2a: Dragapult|U-turn|p1a: Dracovish
|-crit|p1a: Dracovish
|-damage|p1a: Dracovish|33/100
|-damage|p2a: Dragapult|91/100|[from] item: Life Orb
|inactive|newtrol has 120 seconds left.
|
|switch|p2a: Cinderace|Cinderace, M|100/100|[from]move: U-turn
|
|upkeep
|turn|8
|
|switch|p1a: Kommo-o|Kommo-o, F|100/100
|move|p2a: Cinderace|Pyro Ball|p1a: Kommo-o
|-immune|p1a: Kommo-o|[from] ability: Bulletproof
|
|upkeep
|turn|9
|inactive|newtrol has 120 seconds left.
|
|move|p2a: Cinderace|U-turn|p1a: Kommo-o
|-resisted|p1a: Kommo-o
|-damage|p1a: Kommo-o|94/100
|inactive|newtrol has 120 seconds left.
|
|switch|p2a: Corviknight|Corviknight, M|30/100|[from]move: U-turn
|-ability|p2a: Corviknight|Pressure
|move|p1a: Kommo-o|Body Press|p2a: Corviknight
|-damage|p2a: Corviknight|5/100
|
|-heal|p1a: Kommo-o|99/100|[from] item: Leftovers
|-heal|p2a: Corviknight|11/100|[from] item: Leftovers
|upkeep
|turn|10
|
|move|p1a: Kommo-o|Body Press|p2a: Corviknight
|-damage|p2a: Corviknight|0 fnt
|faint|p2a: Corviknight
|
|-heal|p1a: Kommo-o|100/100|[from] item: Leftovers
|upkeep
|
|switch|p2a: Ditto|Ditto|100/100
|-transform|p2a: Ditto|p1a: Kommo-o|[from] ability: Imposter
|turn|11
|
|move|p2a: Ditto|Earthquake|p1a: Kommo-o
|-damage|p1a: Kommo-o|86/100
|move|p1a: Kommo-o|Stealth Rock|p2a: Ditto
|-sidestart|p2: newtrol|move: Stealth Rock
|
|-heal|p1a: Kommo-o|93/100|[from] item: Leftovers
|upkeep
|turn|12
|
|switch|p2a: Corsola|Corsola-Galar, M|100/100
|-damage|p2a: Corsola|88/100|[from] Stealth Rock
|move|p1a: Kommo-o|Body Press|p2a: Corsola
|-immune|p2a: Corsola
|
|-heal|p1a: Kommo-o|99/100|[from] item: Leftovers
|upkeep
|turn|13
|
|move|p1a: Kommo-o|Protect|p1a: Kommo-o
|-singleturn|p1a: Kommo-o|Protect
|move|p2a: Corsola|Will-O-Wisp|p1a: Kommo-o
|-activate|p1a: Kommo-o|move: Protect
|
|-heal|p1a: Kommo-o|100/100|[from] item: Leftovers
|upkeep
|turn|14
|
|switch|p1a: Toxtricity|Toxtricity, M|100/100
|move|p2a: Corsola|Will-O-Wisp|p1a: Toxtricity
|-status|p1a: Toxtricity|brn
|
|-damage|p1a: Toxtricity|94/100 brn|[from] brn
|upkeep
|turn|15
|
|switch|p2a: Cinderace|Cinderace, M|100/100
|move|p1a: Toxtricity|Overdrive|p2a: Cinderace
|-damage|p2a: Cinderace|0 fnt
|faint|p2a: Cinderace
|
|-damage|p1a: Toxtricity|88/100 brn|[from] brn
|upkeep
|
|switch|p2a: Dragapult|Dragapult, M|91/100
|-damage|p2a: Dragapult|78/100|[from] Stealth Rock
|turn|16
|
|switch|p1a: Avalugg|Avalugg, M|100/100
|move|p2a: Dragapult|Psychic Fangs|p1a: Avalugg
|-crit|p1a: Avalugg
|-damage|p1a: Avalugg|80/100
|-damage|p2a: Dragapult|69/100|[from] item: Life Orb
|
|upkeep
|turn|17
|inactive|newtrol has 120 seconds left.
|
|move|p2a: Dragapult|U-turn|p1a: Avalugg
|-damage|p1a: Avalugg|68/100
|-damage|p2a: Dragapult|59/100|[from] item: Life Orb
|inactive|newtrol has 120 seconds left.
|
|switch|p2a: Corsola|Corsola-Galar, M|88/100|[from]move: U-turn
|-damage|p2a: Corsola|76/100|[from] Stealth Rock
|move|p1a: Avalugg|Avalanche|p2a: Corsola
|-damage|p2a: Corsola|65/100
|
|upkeep
|turn|18
|
|switch|p1a: Toxtricity|Toxtricity, M|88/100 brn
|move|p2a: Corsola|Will-O-Wisp|p1a: Toxtricity
|-fail|p1a: Toxtricity|brn
|
|-damage|p1a: Toxtricity|82/100 brn|[from] brn
|upkeep
|turn|19
|
|move|p1a: Toxtricity|Overdrive|p2a: Corsola
|-damage|p2a: Corsola|7/100
|move|p2a: Corsola|Night Shade|p1a: Toxtricity
|-damage|p1a: Toxtricity|48/100 brn
|
|-damage|p1a: Toxtricity|41/100 brn|[from] brn
|upkeep
|turn|20
|
|move|p1a: Toxtricity|Overdrive|p2a: Corsola
|-damage|p2a: Corsola|0 fnt
|faint|p2a: Corsola
|
|-damage|p1a: Toxtricity|35/100 brn|[from] brn
|upkeep
|inactive|newtrol has 120 seconds left.
|
|switch|p2a: Ditto|Ditto|100/100
|-damage|p2a: Ditto|88/100|[from] Stealth Rock
|-transform|p2a: Ditto|p1a: Toxtricity|[from] ability: Imposter
|turn|21
|
|move|p2a: Ditto|Boomburst|p1a: Toxtricity
|-damage|p1a: Toxtricity|0 fnt
|faint|p1a: Toxtricity
|
|upkeep
|
|switch|p1a: Dracovish|Dracovish|33/100
|turn|22
|inactive|newtrol has 120 seconds left.
|-activate|p1a: Dracovish|item: Quick Claw
|
|move|p1a: Dracovish|Fishious Rend|p2a: Ditto
|-damage|p2a: Ditto|0 fnt
|faint|p2a: Ditto
|
|upkeep
|
|switch|p2a: Dragapult|Dragapult, M|59/100
|-damage|p2a: Dragapult|47/100|[from] Stealth Rock
|turn|23
|
|switch|p1a: Avalugg|Avalugg, M|68/100
|move|p2a: Dragapult|Dragon Darts|p1a: Avalugg
|-damage|p1a: Avalugg|54/100
|-damage|p1a: Avalugg|42/100
|-hitcount|p1a: Avalugg|2
|-damage|p2a: Dragapult|37/100|[from] item: Life Orb
|
|upkeep
|turn|24
|
|move|p2a: Dragapult|Dragon Darts|p1a: Avalugg
|-damage|p1a: Avalugg|28/100
|-damage|p1a: Avalugg|15/100
|-hitcount|p1a: Avalugg|2
|-damage|p2a: Dragapult|27/100|[from] item: Life Orb
|move|p1a: Avalugg|Avalanche|p2a: Dragapult
|-supereffective|p2a: Dragapult
|-damage|p2a: Dragapult|0 fnt
|faint|p2a: Dragapult
|
|win|bittertruthbam
|raw|bittertruthbam's rating: 1171 → 1197(+26 for winning)
|raw|newtrol's rating: 1187 → 1161(-26 for losing)
