|ScrapeTime|2020-01-02-06:45:24
|j|☆0xYx0
|j|‽hbgghgkj
|player|p1|0xYx0|lillie|1193
|player|p2|hbgghgkj|lucas|1136
|teamsize|p1|6
|teamsize|p2|6
|gametype|singles
|gen|8
|tier|[Gen 8] OU
|rated|
|rule|Sleep Clause Mod: Limit one foe put to sleep
|rule|Species Clause: Limit one of each Pokémon
|rule|OHKO Clause: OHKO moves are banned
|rule|Evasion Moves Clause: Evasion moves are banned
|rule|Endless Battle Clause: Forcing endless battles is banned
|rule|HP Percentage Mod: HP is shown in percentages
|clearpoke
|poke|p1|Corsola-Galar, M|
|poke|p1|Gastrodon-East, F|
|poke|p1|Rotom-Heat|
|poke|p1|Clefable, F|
|poke|p1|Excadrill, F|
|poke|p1|Dragapult, M|
|poke|p2|Indeedee, M|
|poke|p2|Cinderace, F|
|poke|p2|Hawlucha, M|
|poke|p2|Ferrothorn, F|
|poke|p2|Dracozolt|
|poke|p2|Mandibuzz, F|
|rule|Dynamax Clause: You cannot dynamax
|teampreview
|
|start
|switch|p1a: Rotom|Rotom-Heat|100/100
|switch|p2a: Indeedee|Indeedee, M|100/100
|-fieldstart|move: Psychic Terrain|[from] ability: Psychic Surge|[of] p2a: Indeedee
|turn|1
|inactive|Battle timer is ON: inactive players will automatically lose when time's up. (requested by hbgghgkj)
|
|move|p1a: Rotom|Volt Switch|p2a: Indeedee
|-damage|p2a: Indeedee|64/100
|
|switch|p1a: Gastrodon|Gastrodon-East, F|100/100|[from]move: Volt Switch
|move|p2a: Indeedee|Psychic|p1a: Gastrodon
|-crit|p1a: Gastrodon
|-damage|p1a: Gastrodon|20/100
|
|-heal|p1a: Gastrodon|26/100|[from] item: Leftovers
|upkeep
|turn|2
|inactive|hbgghgkj has 120 seconds left.
|
|switch|p1a: Clefable|Clefable, F|100/100
|move|p2a: Indeedee|Psychic|p1a: Clefable
|-damage|p1a: Clefable|49/100
|
|-heal|p1a: Clefable|55/100|[from] item: Leftovers
|upkeep
|turn|3
|
|move|p1a: Clefable|Protect|p1a: Clefable
|-singleturn|p1a: Clefable|Protect
|move|p2a: Indeedee|Psychic|p1a: Clefable
|-activate|p1a: Clefable|move: Protect
|
|-heal|p1a: Clefable|61/100|[from] item: Leftovers
|upkeep
|turn|4
|
|move|p2a: Indeedee|Psychic|p1a: Clefable
|-damage|p1a: Clefable|3/100
|move|p1a: Clefable|Wish|p1a: Clefable
|
|-heal|p1a: Clefable|9/100|[from] item: Leftovers
|upkeep
|turn|5
|inactive|hbgghgkj has 120 seconds left.
|
|switch|p2a: Cinderace|Cinderace, F|100/100
|move|p1a: Clefable|Protect||[still]
|-fail|p1a: Clefable
|
|-heal|p1a: Clefable|59/100|[from] move: Wish|[wisher] Clefable
|-heal|p1a: Clefable|65/100|[from] item: Leftovers
|-fieldend|move: Psychic Terrain
|upkeep
|turn|6
|
|switch|p1a: Corsola|Corsola-Galar, M|100/100
|move|p2a: Cinderace|Pyro Ball|p1a: Corsola
|-damage|p1a: Corsola|59/100
|
|upkeep
|turn|7
|
|move|p2a: Cinderace|Pyro Ball|p1a: Corsola
|-damage|p1a: Corsola|18/100
|-status|p1a: Corsola|brn
|move|p1a: Corsola|Strength Sap|p2a: Cinderace
|-unboost|p2a: Cinderace|atk|1
|-heal|p1a: Corsola|100/100 brn
|
|-damage|p1a: Corsola|94/100 brn|[from] brn
|upkeep
|turn|8
|
|move|p2a: Cinderace|Pyro Ball|p1a: Corsola
|-damage|p1a: Corsola|64/100 brn
|-start|p2a: Cinderace|Disable|Pyro Ball|[from] ability: Cursed Body|[of] p1a: Corsola
|move|p1a: Corsola|Stealth Rock|p2a: Cinderace
|-sidestart|p2: hbgghgkj|move: Stealth Rock
|
|-damage|p1a: Corsola|58/100 brn|[from] brn
|upkeep
|turn|9
|
|switch|p2a: Mandibuzz|Mandibuzz, F|100/100
|move|p1a: Corsola|Strength Sap|p2a: Mandibuzz
|-unboost|p2a: Mandibuzz|atk|1
|-heal|p1a: Corsola|100/100 brn
|
|-damage|p1a: Corsola|94/100 brn|[from] brn
|upkeep
|turn|10
|
|switch|p1a: Rotom|Rotom-Heat|100/100
|move|p2a: Mandibuzz|Defog|p1a: Rotom
|-unboost|p1a: Rotom|evasion|1
|-sideend|p2: hbgghgkj|Stealth Rock|[from] move: Defog|[of] p2a: Mandibuzz
|
|upkeep
|turn|11
|
|move|p1a: Rotom|Trick|p2a: Mandibuzz
|-activate|p1a: Rotom|move: Trick|[of] p2a: Mandibuzz
|-item|p2a: Mandibuzz|Choice Scarf|[from] move: Trick
|-item|p1a: Rotom|Heavy-Duty Boots|[from] move: Trick
|move|p2a: Mandibuzz|Roost||[still]
|-fail|p2a: Mandibuzz|heal
|
|upkeep
|turn|12
|
|move|p1a: Rotom|Will-O-Wisp|p2a: Mandibuzz
|-status|p2a: Mandibuzz|brn
|move|p2a: Mandibuzz|Roost||[still]
|-fail|p2a: Mandibuzz|heal
|
|-damage|p2a: Mandibuzz|94/100 brn|[from] brn
|upkeep
|turn|13
|
|switch|p2a: Ferrothorn|Ferrothorn, F|100/100
|move|p1a: Rotom|Volt Switch|p2a: Ferrothorn
|-resisted|p2a: Ferrothorn
|-damage|p2a: Ferrothorn|90/100
|
|switch|p1a: Excadrill|Excadrill, F|100/100|[from]move: Volt Switch
|-ability|p1a: Excadrill|Mold Breaker
|
|-heal|p2a: Ferrothorn|96/100|[from] item: Leftovers
|upkeep
|turn|14
|
|move|p1a: Excadrill|Earthquake|p2a: Ferrothorn
|-damage|p2a: Ferrothorn|67/100
|move|p2a: Ferrothorn|Leech Seed|p1a: Excadrill
|-start|p1a: Excadrill|move: Leech Seed
|
|-heal|p2a: Ferrothorn|73/100|[from] item: Leftovers
|-damage|p1a: Excadrill|88/100|[from] Leech Seed|[of] p2a: Ferrothorn
|-heal|p2a: Ferrothorn|88/100|[silent]
|upkeep
|turn|15
|
|switch|p1a: Clefable|Clefable, F|65/100
|move|p2a: Ferrothorn|Stealth Rock|p1a: Clefable
|-sidestart|p1: 0xYx0|move: Stealth Rock
|
|-heal|p1a: Clefable|71/100|[from] item: Leftovers
|-heal|p2a: Ferrothorn|94/100|[from] item: Leftovers
|upkeep
|turn|16
|
|switch|p1a: Rotom|Rotom-Heat|100/100
|switch|p2a: Cinderace|Cinderace, F|100/100
|
|upkeep
|turn|17
|
|move|p2a: Cinderace|Pyro Ball|p1a: Rotom|[miss]
|-miss|p2a: Cinderace|p1a: Rotom
|move|p1a: Rotom|Trick|p2a: Cinderace
|-activate|p1a: Rotom|move: Trick|[of] p2a: Cinderace
|-item|p2a: Cinderace|Heavy-Duty Boots|[from] move: Trick
|-item|p1a: Rotom|Choice Band|[from] move: Trick
|
|upkeep
|turn|18
|
|switch|p1a: Corsola|Corsola-Galar, M|94/100 brn
|-damage|p1a: Corsola|82/100 brn|[from] Stealth Rock
|move|p2a: Cinderace|U-turn|p1a: Corsola
|-resisted|p1a: Corsola
|-damage|p1a: Corsola|76/100 brn
|-start|p2a: Cinderace|Disable|U-turn|[from] ability: Cursed Body|[of] p1a: Corsola
|
|switch|p2a: Dracozolt|Dracozolt|100/100|[from]move: U-turn
|
|-damage|p1a: Corsola|70/100 brn|[from] brn
|upkeep
|turn|19
|
|move|p2a: Dracozolt|Bolt Beak|p1a: Corsola
|-damage|p1a: Corsola|14/100 brn
|move|p1a: Corsola|Will-O-Wisp|p2a: Dracozolt|[miss]
|-miss|p1a: Corsola|p2a: Dracozolt
|
|-damage|p1a: Corsola|8/100 brn|[from] brn
|upkeep
|turn|20
|
|switch|p1a: Excadrill|Excadrill, F|88/100
|-damage|p1a: Excadrill|85/100|[from] Stealth Rock
|-ability|p1a: Excadrill|Mold Breaker
|move|p2a: Dracozolt|Bolt Beak|p1a: Excadrill
|-immune|p1a: Excadrill
|
|-heal|p1a: Excadrill|91/100|[from] item: Leftovers
|upkeep
|turn|21
|
|switch|p2a: Ferrothorn|Ferrothorn, F|94/100
|move|p1a: Excadrill|Rapid Spin|p2a: Ferrothorn
|-resisted|p2a: Ferrothorn
|-damage|p2a: Ferrothorn|89/100
|-damage|p1a: Excadrill|79/100|[from] ability: Iron Barbs|[of] p2a: Ferrothorn
|-sideend|p1: 0xYx0|Stealth Rock|[from] move: Rapid Spin|[of] p1a: Excadrill
|-boost|p1a: Excadrill|spe|1
|
|-heal|p1a: Excadrill|85/100|[from] item: Leftovers
|-heal|p2a: Ferrothorn|95/100|[from] item: Leftovers
|upkeep
|turn|22
|
|switch|p1a: Dragapult|Dragapult, M|100/100
|move|p2a: Ferrothorn|Leech Seed|p1a: Dragapult
|-start|p1a: Dragapult|move: Leech Seed
|
|-heal|p2a: Ferrothorn|100/100|[from] item: Leftovers
|-damage|p1a: Dragapult|88/100|[from] Leech Seed|[of] p2a: Ferrothorn
|upkeep
|turn|23
|
|move|p2a: Ferrothorn|Protect|p2a: Ferrothorn
|-singleturn|p2a: Ferrothorn|Protect
|move|p1a: Dragapult|Fire Blast|p2a: Ferrothorn
|-activate|p2a: Ferrothorn|move: Protect
|
|-damage|p1a: Dragapult|76/100|[from] Leech Seed|[of] p2a: Ferrothorn
|upkeep
|turn|24
|
|switch|p2a: Mandibuzz|Mandibuzz, F|94/100 brn
|move|p1a: Dragapult|Fire Blast|p2a: Mandibuzz
|-damage|p2a: Mandibuzz|70/100 brn
|
|-damage|p1a: Dragapult|64/100|[from] Leech Seed|[of] p2a: Mandibuzz
|-heal|p2a: Mandibuzz|80/100 brn|[silent]
|-damage|p2a: Mandibuzz|74/100 brn|[from] brn
|upkeep
|turn|25
|
|switch|p1a: Rotom|Rotom-Heat|100/100
|move|p2a: Mandibuzz|U-turn|p1a: Rotom
|-resisted|p1a: Rotom
|-damage|p1a: Rotom|98/100
|inactive|hbgghgkj has 120 seconds left.
|
|switch|p2a: Indeedee|Indeedee, M|64/100|[from]move: U-turn
|-fieldstart|move: Psychic Terrain|[from] ability: Psychic Surge|[of] p2a: Indeedee
|
|upkeep
|turn|26
|
|move|p2a: Indeedee|Psychic|p1a: Rotom
|-damage|p1a: Rotom|9/100
|move|p1a: Rotom|Overheat|p2a: Indeedee
|-crit|p2a: Indeedee
|-damage|p2a: Indeedee|0 fnt
|-unboost|p1a: Rotom|spa|2
|faint|p2a: Indeedee
|
|upkeep
|
|switch|p2a: Hawlucha|Hawlucha, M|100/100
|-enditem|p2a: Hawlucha|Psychic Seed
|-boost|p2a: Hawlucha|spd|1
|turn|27
|
|switch|p1a: Corsola|Corsola-Galar, M|8/100 brn
|move|p2a: Hawlucha|Swords Dance|p2a: Hawlucha
|-boost|p2a: Hawlucha|atk|2
|
|-damage|p1a: Corsola|1/100 brn|[from] brn
|upkeep
|turn|28
|
|move|p2a: Hawlucha|Thunder Punch|p1a: Corsola
|-damage|p1a: Corsola|0 fnt
|faint|p1a: Corsola
|
|upkeep
|
|switch|p1a: Dragapult|Dragapult, M|64/100
|turn|29
|inactive|hbgghgkj has 120 seconds left.
|
|move|p2a: Hawlucha|Brave Bird|p1a: Dragapult
|-damage|p1a: Dragapult|0 fnt
|-damage|p2a: Hawlucha|79/100|[from] Recoil
|faint|p1a: Dragapult
|
|-fieldend|move: Psychic Terrain
|upkeep
|
|switch|p1a: Excadrill|Excadrill, F|85/100
|-ability|p1a: Excadrill|Mold Breaker
|turn|30
|inactive|hbgghgkj has 120 seconds left.
|
|switch|p1a: Rotom|Rotom-Heat|9/100
|move|p2a: Hawlucha|Close Combat|p1a: Rotom
|-damage|p1a: Rotom|0 fnt
|-unboost|p2a: Hawlucha|def|1
|-unboost|p2a: Hawlucha|spd|1
|faint|p1a: Rotom
|
|upkeep
|
|switch|p1a: Clefable|Clefable, F|71/100
|turn|31
|
|move|p2a: Hawlucha|Brave Bird|p1a: Clefable
|-damage|p1a: Clefable|0 fnt
|-damage|p2a: Hawlucha|50/100|[from] Recoil
|faint|p1a: Clefable
|
|upkeep
|
|switch|p1a: Excadrill|Excadrill, F|85/100
|-ability|p1a: Excadrill|Mold Breaker
|turn|32
|
|move|p2a: Hawlucha|Close Combat|p1a: Excadrill
|-supereffective|p1a: Excadrill
|-crit|p1a: Excadrill
|-damage|p1a: Excadrill|0 fnt
|-unboost|p2a: Hawlucha|def|1
|-unboost|p2a: Hawlucha|spd|1
|faint|p1a: Excadrill
|
|upkeep
|-message|0xYx0 forfeited.
|
|win|hbgghgkj
|l|☆0xYx0
|raw|0xYx0's rating: 1193 → 1164(-29 for losing)
|raw|hbgghgkj's rating: 1136 → 1165(+29 for winning)
