|ScrapeTime|2020-01-01-05:05:16
|j|☆Amy2603
|j|☆Wrongfossil
|player|p1|Amy2603|preschoolerf|1213
|player|p2|Wrongfossil|crasherwake|1219
|teamsize|p1|6
|teamsize|p2|6
|gametype|singles
|gen|8
|tier|[Gen 8] OU
|rated|
|rule|Sleep Clause Mod: Limit one foe put to sleep
|rule|Species Clause: Limit one of each Pokémon
|rule|OHKO Clause: OHKO moves are banned
|rule|Evasion Moves Clause: Evasion moves are banned
|rule|Endless Battle Clause: Forcing endless battles is banned
|rule|HP Percentage Mod: HP is shown in percentages
|clearpoke
|poke|p1|Sylveon, F|
|poke|p1|Dragapult, M|
|poke|p1|Gyarados, M|
|poke|p1|Excadrill, M|
|poke|p1|Grimmsnarl, M|
|poke|p1|Corsola-Galar, F|
|poke|p2|Roserade, F|
|poke|p2|Centiskorch, F|
|poke|p2|Corviknight, M|
|poke|p2|Gastrodon, F|
|poke|p2|Grimmsnarl, M|
|poke|p2|Throh, M|
|rule|Dynamax Clause: You cannot dynamax
|teampreview
|
|start
|switch|p1a: Corsola|Corsola-Galar, F|100/100
|switch|p2a: Roserade|Roserade, F, shiny|100/100
|turn|1
|
|move|p2a: Roserade|Sleep Powder|p1a: Corsola
|-status|p1a: Corsola|slp|[from] move: Sleep Powder
|cant|p1a: Corsola|slp
|
|upkeep
|turn|2
|
|move|p2a: Roserade|Spikes|p1a: Corsola
|-sidestart|p1: Amy2603|Spikes
|cant|p1a: Corsola|slp
|
|upkeep
|turn|3
|
|move|p2a: Roserade|Spikes|p1a: Corsola
|-sidestart|p1: Amy2603|Spikes
|cant|p1a: Corsola|slp
|
|upkeep
|turn|4
|
|move|p2a: Roserade|Spikes|p1a: Corsola
|-sidestart|p1: Amy2603|Spikes
|-curestatus|p1a: Corsola|slp|[msg]
|move|p1a: Corsola|Stealth Rock|p2a: Roserade
|-sidestart|p2: Wrongfossil|move: Stealth Rock
|
|upkeep
|turn|5
|
|switch|p1a: Excadrill|Excadrill, M|100/100
|-damage|p1a: Excadrill|76/100|[from] Spikes
|-ability|p1a: Excadrill|Mold Breaker
|move|p2a: Roserade|Sleep Powder|p1a: Excadrill
|-status|p1a: Excadrill|slp|[from] move: Sleep Powder
|
|upkeep
|turn|6
|
|move|p2a: Roserade|Leaf Storm|p1a: Excadrill|[miss]
|-miss|p2a: Roserade|p1a: Excadrill
|-enditem|p2a: Roserade|Blunder Policy
|-boost|p2a: Roserade|spe|2
|cant|p1a: Excadrill|slp
|
|upkeep
|turn|7
|
|move|p2a: Roserade|Leaf Storm|p1a: Excadrill
|-damage|p1a: Excadrill|0 fnt
|-unboost|p2a: Roserade|spa|2
|faint|p1a: Excadrill
|
|upkeep
|
|switch|p1a: Grimmsnarl|Grimmsnarl, M|100/100
|-damage|p1a: Grimmsnarl|76/100|[from] Spikes
|turn|8
|
|switch|p2a: Grimmsnarl|Grimmsnarl, M|100/100
|-damage|p2a: Grimmsnarl|88/100|[from] Stealth Rock
|move|p1a: Grimmsnarl|Taunt|p2a: Grimmsnarl
|-hint|Since gen 7, Dark is immune to Prankster moves.
|-immune|p2a: Grimmsnarl
|
|upkeep
|turn|9
|
|move|p2a: Grimmsnarl|Bulk Up|p2a: Grimmsnarl
|-boost|p2a: Grimmsnarl|atk|1
|-boost|p2a: Grimmsnarl|def|1
|move|p1a: Grimmsnarl|Reflect|p1a: Grimmsnarl
|-sidestart|p1: Amy2603|Reflect
|
|upkeep
|turn|10
|
|move|p2a: Grimmsnarl|Bulk Up|p2a: Grimmsnarl
|-boost|p2a: Grimmsnarl|atk|1
|-boost|p2a: Grimmsnarl|def|1
|move|p1a: Grimmsnarl|Darkest Lariat|p2a: Grimmsnarl
|-resisted|p2a: Grimmsnarl
|-damage|p2a: Grimmsnarl|76/100
|
|upkeep
|turn|11
|-message|Amy2603 forfeited.
|
|win|Wrongfossil
|l|☆Amy2603
|raw|Amy2603's rating: 1213 → 1188(-25 for losing)
|raw|Wrongfossil's rating: 1219 → 1244(+25 for winning)
