|ScrapeTime|2020-01-01-09:55:02
|j|☆ImperatorPalpatine
|j|☆smoovBert
|player|p1|ImperatorPalpatine|wattson|1355
|player|p2|smoovBert|140|1366
|teamsize|p1|6
|teamsize|p2|6
|gametype|singles
|gen|8
|tier|[Gen 8] OU
|rated|
|rule|Sleep Clause Mod: Limit one foe put to sleep
|rule|Species Clause: Limit one of each Pokémon
|rule|OHKO Clause: OHKO moves are banned
|rule|Evasion Moves Clause: Evasion moves are banned
|rule|Endless Battle Clause: Forcing endless battles is banned
|rule|HP Percentage Mod: HP is shown in percentages
|clearpoke
|poke|p1|Dracovish|
|poke|p1|Ferrothorn, M|
|poke|p1|Pelipper, F|
|poke|p1|Dugtrio, F|
|poke|p1|Drednaw, M|
|poke|p1|Inteleon, M|
|poke|p2|Hydreigon, M|
|poke|p2|Gyarados, F|
|poke|p2|Tyranitar, F|
|poke|p2|Excadrill, M|
|poke|p2|Gengar, M|
|poke|p2|Rotom-Wash|
|rule|Dynamax Clause: You cannot dynamax
|teampreview
|inactive|Battle timer is ON: inactive players will automatically lose when time's up. (requested by ImperatorPalpatine)
|
|start
|switch|p1a: Dugtrio|Dugtrio, F|100/100
|switch|p2a: Sploosh|Gyarados, F|100/100
|-ability|p2a: Sploosh|Intimidate|boost
|-unboost|p1a: Dugtrio|atk|1
|turn|1
|
|switch|p1a: Pelipper|Pelipper, F|100/100
|-weather|RainDance|[from] ability: Drizzle|[of] p1a: Pelipper
|move|p2a: Sploosh|Waterfall|p1a: Pelipper
|-resisted|p1a: Pelipper
|-damage|p1a: Pelipper|80/100
|
|-weather|RainDance|[upkeep]
|upkeep
|turn|2
|
|move|p2a: Sploosh|Thunder Wave|p1a: Pelipper
|-status|p1a: Pelipper|par
|cant|p1a: Pelipper|par
|
|-weather|RainDance|[upkeep]
|upkeep
|turn|3
|
|switch|p2a: Zillow|Tyranitar, F|100/100
|-weather|Sandstorm|[from] ability: Sand Stream|[of] p2a: Zillow
|cant|p1a: Pelipper|par
|
|-weather|Sandstorm|[upkeep]
|-damage|p1a: Pelipper|74/100 par|[from] Sandstorm
|upkeep
|turn|4
|
|switch|p2a: Losung|Hydreigon, M|100/100
|move|p1a: Pelipper|U-turn|p2a: Losung
|-supereffective|p2a: Losung
|-damage|p2a: Losung|82/100
|
|switch|p1a: Ferrothorn|Ferrothorn, M|100/100|[from]move: U-turn
|
|-weather|Sandstorm|[upkeep]
|-damage|p2a: Losung|76/100|[from] Sandstorm
|-heal|p2a: Losung|82/100|[from] item: Leftovers
|upkeep
|turn|5
|
|switch|p1a: Pelipper|Pelipper, F|74/100 par
|-weather|RainDance|[from] ability: Drizzle|[of] p1a: Pelipper
|move|p2a: Losung|Dark Pulse|p1a: Pelipper
|-damage|p1a: Pelipper|12/100 par
|
|-weather|RainDance|[upkeep]
|-heal|p2a: Losung|88/100|[from] item: Leftovers
|upkeep
|turn|6
|
|switch|p1a: Ferrothorn|Ferrothorn, M|100/100
|move|p2a: Losung|Substitute|p2a: Losung
|-start|p2a: Losung|Substitute
|-damage|p2a: Losung|63/100
|
|-weather|RainDance|[upkeep]
|-heal|p2a: Losung|69/100|[from] item: Leftovers
|upkeep
|turn|7
|
|move|p2a: Losung|Dark Pulse|p1a: Ferrothorn
|-damage|p1a: Ferrothorn|70/100
|cant|p1a: Ferrothorn|flinch
|
|-weather|RainDance|[upkeep]
|-heal|p2a: Losung|76/100|[from] item: Leftovers
|-heal|p1a: Ferrothorn|76/100|[from] item: Leftovers
|upkeep
|turn|8
|
|move|p2a: Losung|Dark Pulse|p1a: Ferrothorn
|-damage|p1a: Ferrothorn|50/100
|cant|p1a: Ferrothorn|flinch
|
|-weather|RainDance|[upkeep]
|-heal|p2a: Losung|82/100|[from] item: Leftovers
|-heal|p1a: Ferrothorn|56/100|[from] item: Leftovers
|upkeep
|turn|9
|
|move|p2a: Losung|Dark Pulse|p1a: Ferrothorn
|-damage|p1a: Ferrothorn|26/100
|cant|p1a: Ferrothorn|flinch
|
|-weather|RainDance|[upkeep]
|-heal|p2a: Losung|88/100|[from] item: Leftovers
|-heal|p1a: Ferrothorn|32/100|[from] item: Leftovers
|upkeep
|turn|10
|
|move|p2a: Losung|Dark Pulse|p1a: Ferrothorn
|-damage|p1a: Ferrothorn|3/100
|move|p1a: Ferrothorn|Gyro Ball|p2a: Losung
|-end|p2a: Losung|Substitute
|
|-weather|RainDance|[upkeep]
|-heal|p2a: Losung|94/100|[from] item: Leftovers
|-heal|p1a: Ferrothorn|9/100|[from] item: Leftovers
|upkeep
|turn|11
|
|move|p2a: Losung|Dark Pulse|p1a: Ferrothorn
|-damage|p1a: Ferrothorn|0 fnt
|faint|p1a: Ferrothorn
|
|-weather|RainDance|[upkeep]
|-heal|p2a: Losung|99/100|[from] item: Leftovers
|upkeep
|
|switch|p1a: Dracovish|Dracovish|100/100
|turn|12
|
|switch|p2a: Sploosh|Gyarados, F|100/100
|-ability|p2a: Sploosh|Intimidate|boost
|-unboost|p1a: Dracovish|atk|1
|move|p1a: Dracovish|Fishious Rend|p2a: Sploosh
|-resisted|p2a: Sploosh
|-damage|p2a: Sploosh|63/100
|-damage|p1a: Dracovish|84/100|[from] item: Rocky Helmet|[of] p2a: Sploosh
|
|-weather|none
|upkeep
|turn|13
|
|switch|p1a: Pelipper|Pelipper, F|12/100 par
|-weather|RainDance|[from] ability: Drizzle|[of] p1a: Pelipper
|move|p2a: Sploosh|Thunder Wave|p1a: Pelipper
|-fail|p1a: Pelipper|par
|
|-weather|RainDance|[upkeep]
|upkeep
|turn|14
|
|move|p2a: Sploosh|Power Whip|p1a: Pelipper
|-damage|p1a: Pelipper|0 fnt
|faint|p1a: Pelipper
|
|-weather|RainDance|[upkeep]
|upkeep
|
|switch|p1a: Dracovish|Dracovish|84/100
|turn|15
|
|switch|p2a: Jerk|Rotom-Wash|100/100
|move|p1a: Dracovish|Fishious Rend|p2a: Jerk
|-resisted|p2a: Jerk
|-damage|p2a: Jerk|18/100
|
|-weather|RainDance|[upkeep]
|upkeep
|turn|16
|
|move|p2a: Jerk|Thunder Wave|p1a: Dracovish
|-status|p1a: Dracovish|par
|move|p1a: Dracovish|Fishious Rend|p2a: Jerk
|-resisted|p2a: Jerk
|-damage|p2a: Jerk|0 fnt
|faint|p2a: Jerk
|
|-weather|RainDance|[upkeep]
|upkeep
|
|switch|p2a: Zillow|Tyranitar, F|100/100
|-weather|Sandstorm|[from] ability: Sand Stream|[of] p2a: Zillow
|turn|17
|
|switch|p2a: Sploosh|Gyarados, F|63/100
|-ability|p2a: Sploosh|Intimidate|boost
|-unboost|p1a: Dracovish|atk|1
|cant|p1a: Dracovish|par
|
|-weather|Sandstorm|[upkeep]
|-damage|p1a: Dracovish|78/100 par|[from] Sandstorm
|-damage|p2a: Sploosh|57/100|[from] Sandstorm
|upkeep
|turn|18
|
|move|p1a: Dracovish|Fishious Rend|p2a: Sploosh
|-resisted|p2a: Sploosh
|-damage|p2a: Sploosh|29/100
|-damage|p1a: Dracovish|61/100 par|[from] item: Rocky Helmet|[of] p2a: Sploosh
|move|p2a: Sploosh|Power Whip|p1a: Dracovish
|-damage|p1a: Dracovish|23/100 par
|
|-weather|Sandstorm|[upkeep]
|-damage|p1a: Dracovish|17/100 par|[from] Sandstorm
|-damage|p2a: Sploosh|23/100|[from] Sandstorm
|upkeep
|turn|19
|
|move|p1a: Dracovish|Fishious Rend|p2a: Sploosh
|-resisted|p2a: Sploosh
|-damage|p2a: Sploosh|0 fnt
|-damage|p1a: Dracovish|0 fnt|[from] item: Rocky Helmet|[of] p2a: Sploosh
|faint|p2a: Sploosh
|faint|p1a: Dracovish
|
|-weather|Sandstorm|[upkeep]
|upkeep
|
|switch|p1a: Inteleon|Inteleon, M|100/100
|switch|p2a: Prep|Excadrill, M|100/100
|turn|20
|
|move|p2a: Prep|Earthquake|p1a: Inteleon
|-damage|p1a: Inteleon|0 fnt
|faint|p1a: Inteleon
|
|-weather|Sandstorm|[upkeep]
|upkeep
|-message|ImperatorPalpatine forfeited.
|
|win|smoovBert
|l|☆smoovBert
|raw|ImperatorPalpatine's rating: 1355 → 1336(-19 for losing)
|raw|smoovBert's rating: 1366 → 1385(+19 for winning)
