|ScrapeTime|2020-01-02-11:55:20
|j|☆Big Grim
|j|☆SuqMadiq03
|player|p1|Big Grim|clay|
|player|p2|SuqMadiq03|45|
|teamsize|p1|6
|teamsize|p2|6
|gametype|singles
|gen|8
|tier|[Gen 8] OU
|rule|Sleep Clause Mod: Limit one foe put to sleep
|rule|Species Clause: Limit one of each Pokémon
|rule|OHKO Clause: OHKO moves are banned
|rule|Evasion Moves Clause: Evasion moves are banned
|rule|Endless Battle Clause: Forcing endless battles is banned
|rule|HP Percentage Mod: HP is shown in percentages
|clearpoke
|poke|p1|Reuniclus, F|
|poke|p1|Clefable, F|
|poke|p1|Hydreigon, M|
|poke|p1|Excadrill, F|
|poke|p1|Jellicent, F|
|poke|p1|Inteleon, M|
|poke|p2|Rotom-Wash|
|poke|p2|Aegislash, M|
|poke|p2|Toxtricity, F|
|poke|p2|Sylveon, M|
|poke|p2|Mandibuzz, F|
|poke|p2|Cinderace, M|
|rule|Dynamax Clause: You cannot dynamax
|teampreview
|
|start
|switch|p1a: Clefable|Clefable, F|100/100
|switch|p2a: Cinderace|Cinderace, M|100/100
|turn|1
|
|move|p2a: Cinderace|Taunt|p1a: Clefable
|-start|p1a: Clefable|move: Taunt
|move|p1a: Clefable|Moonblast|p2a: Cinderace
|-resisted|p2a: Cinderace
|-damage|p2a: Cinderace|79/100
|-unboost|p2a: Cinderace|spa|1
|
|upkeep
|turn|2
|
|switch|p2a: Toxtricity|Toxtricity, F|100/100
|switch|p1a: Jellicent|Jellicent, F, shiny|100/100
|
|upkeep
|turn|3
|inactive|Battle timer is ON: inactive players will automatically lose when time's up. (requested by Big Grim)
|
|switch|p2a: Cinderace|Cinderace, M|79/100
|switch|p1a: Excadrill|Excadrill, F|100/100
|-ability|p1a: Excadrill|Mold Breaker
|
|upkeep
|turn|4
|
|switch|p1a: Jellicent|Jellicent, F, shiny|100/100
|move|p2a: Cinderace|High Jump Kick|p1a: Jellicent
|-immune|p1a: Jellicent
|-damage|p2a: Cinderace|29/100|[from] highjumpkick
|
|upkeep
|turn|5
|c|☆Big Grim|oof
|
|switch|p2a: Not Uber|Aegislash, M|100/100
|move|p1a: Jellicent|Taunt|p2a: Not Uber
|-start|p2a: Not Uber|move: Taunt
|
|upkeep
|turn|6
|
|move|p1a: Jellicent|Will-O-Wisp|p2a: Not Uber
|-status|p2a: Not Uber|brn
|-formechange|p2a: Not Uber|Aegislash-Blade||[from] ability: Stance Change
|move|p2a: Not Uber|Shadow Claw|p1a: Jellicent
|-supereffective|p1a: Jellicent
|-damage|p1a: Jellicent|63/100
|
|-heal|p1a: Jellicent|69/100|[from] item: Leftovers
|-damage|p2a: Not Uber|94/100 brn|[from] brn
|upkeep
|turn|7
|
|switch|p2a: Rotom|Rotom-Wash|100/100
|move|p1a: Jellicent|Recover|p1a: Jellicent
|-heal|p1a: Jellicent|100/100
|
|upkeep
|turn|8
|
|switch|p1a: Clefable|Clefable, F|100/100
|move|p2a: Rotom|Volt Switch|p1a: Clefable
|-damage|p1a: Clefable|77/100
|
|switch|p2a: Toxtricity|Toxtricity, F|100/100|[from]move: Volt Switch
|
|-heal|p1a: Clefable|83/100|[from] item: Leftovers
|upkeep
|turn|9
|
|switch|p1a: Excadrill|Excadrill, F|100/100
|-ability|p1a: Excadrill|Mold Breaker
|move|p2a: Toxtricity|Sludge Bomb|p1a: Excadrill
|-immune|p1a: Excadrill
|
|upkeep
|turn|10
|
|switch|p2a: Rotom|Rotom-Wash|100/100
|move|p1a: Excadrill|Rapid Spin|p2a: Rotom
|-damage|p2a: Rotom|77/100
|-boost|p1a: Excadrill|spe|1
|
|upkeep
|turn|11
|
|move|p1a: Excadrill|Earthquake|p2a: Rotom
|-supereffective|p2a: Rotom
|-damage|p2a: Rotom|0 fnt
|faint|p2a: Rotom
|
|upkeep
|c|☆SuqMadiq03|Wtf
|c|☆SuqMadiq03|How is that faster
|inactive|SuqMadiq03 has 270 seconds left.
|c|☆Big Grim|are you bad
|inactive|SuqMadiq03 has 240 seconds left.
|c|☆Big Grim|oh wait i know the answer
|c|☆SuqMadiq03|Haha good roast kid
|
|switch|p2a: Cinderace|Cinderace, M|29/100
|turn|12
|
|switch|p2a: Girldebuzz|Mandibuzz, F|100/100
|move|p1a: Excadrill|Earthquake|p2a: Girldebuzz
|-immune|p2a: Girldebuzz
|
|upkeep
|turn|13
|c|☆SuqMadiq03|Peasant
|inactive|SuqMadiq03 has 210 seconds left.
|
|switch|p2a: Cinderace|Cinderace, M|29/100
|move|p1a: Excadrill|Swords Dance|p1a: Excadrill
|-boost|p1a: Excadrill|atk|2
|
|upkeep
|turn|14
|
|move|p1a: Excadrill|Iron Head|p2a: Cinderace
|-resisted|p2a: Cinderace
|-damage|p2a: Cinderace|0 fnt
|faint|p2a: Cinderace
|
|upkeep
|inactive|SuqMadiq03 has 210 seconds left.
|c|☆SuqMadiq03|I cant do anything its that aids
|
|switch|p2a: Not Uber|Aegislash, M|94/100 brn
|turn|15
|inactive|SuqMadiq03 has 210 seconds left.
|c|☆SuqMadiq03|Nice pokemon
|c|☆Big Grim|has a counter for haw but not exca
|c|☆SuqMadiq03|Cant wait for it to be uber
|c|☆Big Grim|lmao
|inactive|SuqMadiq03 has 180 seconds left.
|c|☆SuqMadiq03|Made this team right before our battle lmao
|
|move|p2a: Not Uber|King's Shield|p2a: Not Uber
|-singleturn|p2a: Not Uber|Protect
|move|p1a: Excadrill|Earthquake|p2a: Not Uber
|-activate|p2a: Not Uber|move: Protect
|
|-heal|p2a: Not Uber|100/100 brn|[from] item: Leftovers
|-damage|p2a: Not Uber|94/100 brn|[from] brn
|upkeep
|turn|16
|
|move|p1a: Excadrill|Earthquake|p2a: Not Uber
|-supereffective|p2a: Not Uber
|-damage|p2a: Not Uber|0 fnt
|faint|p2a: Not Uber
|
|upkeep
|
|switch|p2a: Toxtricity|Toxtricity, F|100/100
|turn|17
|
|move|p1a: Excadrill|Earthquake|p2a: Toxtricity
|-supereffective|p2a: Toxtricity
|-damage|p2a: Toxtricity|0 fnt
|faint|p2a: Toxtricity
|
|upkeep
|c|☆SuqMadiq03|This team is just underdeveloped
|c|☆SuqMadiq03|Im still confident im better than you
|inactive|SuqMadiq03 has 150 seconds left.
|
|switch|p2a: Girldebuzz|Mandibuzz, F|100/100
|turn|18
|inactive|SuqMadiq03 has 150 seconds left.
|c|☆Big Grim|6-0 says otherwise
|c|☆SuqMadiq03|Yeah but i had you untill that wall came out
|inactive|SuqMadiq03 has 120 seconds left.
|c|☆SuqMadiq03|1 pokemon walling my team isnt skill
|c|☆SuqMadiq03|I could do the same if the teams were flipled
|c|☆Big Grim|hjk on jellicent high iq play
|c|☆SuqMadiq03|Flipped
|inactive|SuqMadiq03 has 90 seconds left.
|
|move|p1a: Excadrill|Iron Head|p2a: Girldebuzz
|-damage|p2a: Girldebuzz|37/100
|move|p2a: Girldebuzz|Brave Bird|p1a: Excadrill
|-resisted|p1a: Excadrill
|-damage|p1a: Excadrill|80/100
|-damage|p2a: Girldebuzz|31/100|[from] Recoil
|
|upkeep
|turn|19
|c|☆SuqMadiq03|I could add 1 pokemon and beat you easy
|inactive|SuqMadiq03 has 60 seconds left.
|
|move|p1a: Excadrill|Iron Head|p2a: Girldebuzz
|-damage|p2a: Girldebuzz|0 fnt
|faint|p2a: Girldebuzz
|
|upkeep
|inactive|SuqMadiq03 has 60 seconds left.
|c|☆SuqMadiq03|And i am 100% sure of this
|inactive|SuqMadiq03 has 30 seconds left.
|c|☆Big Grim|like you was begging for a rematch 100% sure you would win
|inactive|SuqMadiq03 has 20 seconds left.
|inactive|SuqMadiq03 has 15 seconds left.
|c|☆SuqMadiq03|The only reason i dont have it in my team is because im trying to make a team for sword and you cant get it on that
|inactive|SuqMadiq03 has 10 seconds left.
|inactive|SuqMadiq03 has 5 seconds left.
|c|☆SuqMadiq03|Ok showdown peasant
|
|switch|p2a: Sylveon|Sylveon, M|100/100
|turn|20
|inactive|SuqMadiq03 has 15 seconds left this turn.
|inactive|SuqMadiq03 has 10 seconds left.
|inactive|SuqMadiq03 has 5 seconds left.
|c|☆SuqMadiq03|Garintee it
|-message|SuqMadiq03 lost due to inactivity.
|
|win|Big Grim
|c|☆SuqMadiq03|1 more battle
|c|☆Big Grim|nope
