|ScrapeTime|2020-01-01-16:55:35
|j|☆Kote7649
|j|☆TheKorboDex
|player|p1|Kote7649|cynthia|1239
|player|p2|TheKorboDex|163|1217
|teamsize|p1|6
|teamsize|p2|6
|gametype|singles
|gen|8
|tier|[Gen 8] OU
|rated|
|rule|Sleep Clause Mod: Limit one foe put to sleep
|rule|Species Clause: Limit one of each Pokémon
|rule|OHKO Clause: OHKO moves are banned
|rule|Evasion Moves Clause: Evasion moves are banned
|rule|Endless Battle Clause: Forcing endless battles is banned
|rule|HP Percentage Mod: HP is shown in percentages
|clearpoke
|poke|p1|Dracovish|
|poke|p1|Pelipper, M|
|poke|p1|Seismitoad, F|
|poke|p1|Sirfetch'd, M|
|poke|p1|Ribombee, F|
|poke|p1|Rotom-Mow|
|poke|p2|Dragapult, M|
|poke|p2|Corviknight, M|
|poke|p2|Lanturn, M|
|poke|p2|Salazzle, F|
|poke|p2|Corsola-Galar, F|
|poke|p2|Bisharp, M|
|rule|Dynamax Clause: You cannot dynamax
|teampreview
|
|start
|switch|p1a: Ribombee|Ribombee, F|100/100
|switch|p2a: Corsola|Corsola-Galar, F, shiny|100/100
|turn|1
|
|move|p1a: Ribombee|Sticky Web|p2a: Corsola
|-sidestart|p2: TheKorboDex|move: Sticky Web
|move|p2a: Corsola|Stealth Rock|p1a: Ribombee
|-sidestart|p1: Kote7649|move: Stealth Rock
|
|upkeep
|turn|2
|
|move|p1a: Ribombee|U-turn|p2a: Corsola
|-resisted|p2a: Corsola
|-damage|p2a: Corsola|95/100
|
|switch|p1a: Rotom|Rotom-Mow|100/100|[from]move: U-turn
|-damage|p1a: Rotom|88/100|[from] Stealth Rock
|move|p2a: Corsola|Night Shade|p1a: Rotom
|-damage|p1a: Rotom|55/100
|
|upkeep
|turn|3
|
|switch|p2a: Lanturn|Lanturn, M|100/100
|-activate|p2a: Lanturn|move: Sticky Web
|-unboost|p2a: Lanturn|spe|1
|move|p1a: Rotom|Trick|p2a: Lanturn
|-activate|p1a: Rotom|move: Trick|[of] p2a: Lanturn
|-item|p2a: Lanturn|Choice Scarf|[from] move: Trick
|-item|p1a: Rotom|Leftovers|[from] move: Trick
|
|-heal|p1a: Rotom|61/100|[from] item: Leftovers
|upkeep
|turn|4
|
|switch|p1a: Seismitoad|Seismitoad, F|100/100
|-damage|p1a: Seismitoad|94/100|[from] Stealth Rock
|move|p2a: Lanturn|Volt Switch|p1a: Seismitoad
|-immune|p1a: Seismitoad
|
|upkeep
|turn|5
|
|switch|p1a: Dracovish|Dracovish|100/100
|-damage|p1a: Dracovish|88/100|[from] Stealth Rock
|switch|p2a: Corviknight|Corviknight, M|100/100
|
|upkeep
|turn|6
|
|move|p1a: Dracovish|Fishious Rend|p2a: Corviknight
|-damage|p2a: Corviknight|0 fnt
|faint|p2a: Corviknight
|
|upkeep
|
|switch|p2a: Bisharp|Bisharp, M|100/100
|-activate|p2a: Bisharp|move: Sticky Web
|-unboost|p2a: Bisharp|spe|1
|-ability|p2a: Bisharp|Defiant
|-boost|p2a: Bisharp|atk|2
|turn|7
|
|switch|p1a: Rotom|Rotom-Mow|61/100
|-damage|p1a: Rotom|49/100|[from] Stealth Rock
|move|p2a: Bisharp|Iron Head|p1a: Rotom
|-resisted|p1a: Rotom
|-damage|p1a: Rotom|5/100
|
|-heal|p1a: Rotom|11/100|[from] item: Leftovers
|upkeep
|turn|8
|
|move|p2a: Bisharp|Sucker Punch||[still]
|-fail|p2a: Bisharp
|move|p1a: Rotom|Thunder Wave|p2a: Bisharp
|-status|p2a: Bisharp|par
|
|-heal|p1a: Rotom|17/100|[from] item: Leftovers
|upkeep
|turn|9
|
|switch|p1a: Ribombee|Ribombee, F|100/100
|-damage|p1a: Ribombee|76/100|[from] Stealth Rock
|move|p2a: Bisharp|Sucker Punch||[still]
|-fail|p2a: Bisharp
|
|upkeep
|turn|10
|
|move|p1a: Ribombee|Energy Ball|p2a: Bisharp
|-resisted|p2a: Bisharp
|-damage|p2a: Bisharp|78/100 par
|move|p2a: Bisharp|Iron Head|p1a: Ribombee
|-supereffective|p1a: Ribombee
|-damage|p1a: Ribombee|0 fnt
|faint|p1a: Ribombee
|
|upkeep
|
|switch|p1a: Sirfetch'd|Sirfetch'd, M|100/100
|-damage|p1a: Sirfetch'd|94/100|[from] Stealth Rock
|turn|11
|
|switch|p2a: Corsola|Corsola-Galar, F, shiny|95/100
|-activate|p2a: Corsola|move: Sticky Web
|-unboost|p2a: Corsola|spe|1
|move|p1a: Sirfetch'd|Swords Dance|p1a: Sirfetch'd
|-boost|p1a: Sirfetch'd|atk|2
|
|upkeep
|turn|12
|
|move|p1a: Sirfetch'd|Knock Off|p2a: Corsola
|-supereffective|p2a: Corsola
|-damage|p2a: Corsola|0 fnt
|-enditem|p2a: Corsola|Eviolite|[from] move: Knock Off|[of] p1a: Sirfetch'd
|-damage|p1a: Sirfetch'd|85/100|[from] item: Life Orb
|faint|p2a: Corsola
|
|upkeep
|
|switch|p2a: Salazzle|Salazzle, F, shiny|100/100
|-activate|p2a: Salazzle|move: Sticky Web
|-unboost|p2a: Salazzle|spe|1
|turn|13
|
|move|p1a: Sirfetch'd|Knock Off|p2a: Salazzle
|-enditem|p2a: Salazzle|Focus Sash
|-damage|p2a: Salazzle|1/100
|-damage|p1a: Sirfetch'd|75/100|[from] item: Life Orb
|move|p2a: Salazzle|Flamethrower|p1a: Sirfetch'd
|-damage|p1a: Sirfetch'd|18/100
|
|upkeep
|turn|14
|
|move|p1a: Sirfetch'd|Knock Off|p2a: Salazzle
|-damage|p2a: Salazzle|0 fnt
|-damage|p1a: Sirfetch'd|8/100|[from] item: Life Orb
|faint|p2a: Salazzle
|
|upkeep
|
|switch|p2a: Bisharp|Bisharp, M|78/100 par
|-activate|p2a: Bisharp|move: Sticky Web
|-unboost|p2a: Bisharp|spe|1
|-ability|p2a: Bisharp|Defiant
|-boost|p2a: Bisharp|atk|2
|turn|15
|
|switch|p1a: Pelipper|Pelipper, M|100/100
|-damage|p1a: Pelipper|75/100|[from] Stealth Rock
|-weather|RainDance|[from] ability: Drizzle|[of] p1a: Pelipper
|cant|p2a: Bisharp|par
|
|-weather|RainDance|[upkeep]
|upkeep
|turn|16
|
|move|p2a: Bisharp|Sucker Punch|p1a: Pelipper
|-damage|p1a: Pelipper|20/100
|move|p1a: Pelipper|Scald|p2a: Bisharp
|-damage|p2a: Bisharp|10/100 par
|-enditem|p2a: Bisharp|Aguav Berry|[eat]
|-heal|p2a: Bisharp|43/100 par|[from] item: Aguav Berry
|
|-weather|RainDance|[upkeep]
|upkeep
|turn|17
|
|move|p2a: Bisharp|Sucker Punch|p1a: Pelipper
|-damage|p1a: Pelipper|0 fnt
|faint|p1a: Pelipper
|
|-weather|RainDance|[upkeep]
|upkeep
|
|switch|p1a: Sirfetch'd|Sirfetch'd, M|8/100
|-damage|p1a: Sirfetch'd|2/100|[from] Stealth Rock
|turn|18
|
|switch|p2a: Lanturn|Lanturn, M|100/100
|-activate|p2a: Lanturn|move: Sticky Web
|-unboost|p2a: Lanturn|spe|1
|move|p1a: Sirfetch'd|First Impression|p2a: Lanturn
|-damage|p2a: Lanturn|70/100
|-damage|p1a: Sirfetch'd|0 fnt|[from] item: Life Orb
|faint|p1a: Sirfetch'd
|
|-weather|RainDance|[upkeep]
|upkeep
|
|switch|p1a: Seismitoad|Seismitoad, F|94/100
|-damage|p1a: Seismitoad|88/100|[from] Stealth Rock
|turn|19
|
|move|p1a: Seismitoad|Earth Power|p2a: Lanturn
|-supereffective|p2a: Lanturn
|-damage|p2a: Lanturn|0 fnt
|-damage|p1a: Seismitoad|78/100|[from] item: Life Orb
|faint|p2a: Lanturn
|
|-weather|RainDance|[upkeep]
|upkeep
|
|switch|p2a: Bisharp|Bisharp, M|43/100 par
|-activate|p2a: Bisharp|move: Sticky Web
|-unboost|p2a: Bisharp|spe|1
|-ability|p2a: Bisharp|Defiant
|-boost|p2a: Bisharp|atk|2
|turn|20
|
|move|p2a: Bisharp|Sucker Punch|p1a: Seismitoad
|-damage|p1a: Seismitoad|0 fnt
|faint|p1a: Seismitoad
|
|-weather|RainDance|[upkeep]
|upkeep
|
|switch|p1a: Dracovish|Dracovish|88/100
|-damage|p1a: Dracovish|76/100|[from] Stealth Rock
|turn|21
|
|move|p2a: Bisharp|Sucker Punch|p1a: Dracovish
|-damage|p1a: Dracovish|0 fnt
|faint|p1a: Dracovish
|
|-weather|RainDance|[upkeep]
|upkeep
|
|switch|p1a: Rotom|Rotom-Mow|17/100
|-damage|p1a: Rotom|5/100|[from] Stealth Rock
|turn|22
|
|move|p2a: Bisharp|Sucker Punch|p1a: Rotom
|-damage|p1a: Rotom|0 fnt
|faint|p1a: Rotom
|
|win|TheKorboDex
|l|☆Kote7649
|raw|Kote7649's rating: 1239 → 1212(-27 for losing)
|raw|TheKorboDex's rating: 1217 → 1244(+27 for winning)
