|ScrapeTime|2020-01-01-20:34:39
|j|☆Krneoamazon
|j|☆hjhlhlh
|player|p1|Krneoamazon|266|1145
|player|p2|hjhlhlh|lucas|1195
|teamsize|p1|6
|teamsize|p2|6
|gametype|singles
|gen|8
|tier|[Gen 8] OU
|rated|
|rule|Sleep Clause Mod: Limit one foe put to sleep
|rule|Species Clause: Limit one of each Pokémon
|rule|OHKO Clause: OHKO moves are banned
|rule|Evasion Moves Clause: Evasion moves are banned
|rule|Endless Battle Clause: Forcing endless battles is banned
|rule|HP Percentage Mod: HP is shown in percentages
|clearpoke
|poke|p1|Flapple, F|
|poke|p1|Rotom-Heat|
|poke|p1|Tyranitar, M|
|poke|p1|Inteleon, M|
|poke|p1|Excadrill, M|
|poke|p1|Hatterene, F|
|poke|p2|Indeedee, M|
|poke|p2|Cinderace, M|
|poke|p2|Hawlucha, M|
|poke|p2|Ferrothorn, F|
|poke|p2|Dracozolt|
|poke|p2|Mandibuzz, F|
|rule|Dynamax Clause: You cannot dynamax
|teampreview
|inactive|Battle timer is ON: inactive players will automatically lose when time's up. (requested by Krneoamazon)
|inactive|Krneoamazon has 120 seconds left.
|
|start
|switch|p1a: Tyranitar|Tyranitar, M|100/100
|switch|p2a: Cinderace|Cinderace, M|100/100
|-weather|Sandstorm|[from] ability: Sand Stream|[of] p1a: Tyranitar
|turn|1
|
|switch|p1a: Rotom|Rotom-Heat|100/100
|move|p2a: Cinderace|U-turn|p1a: Rotom
|-resisted|p1a: Rotom
|-damage|p1a: Rotom|83/100
|
|switch|p2a: Indeedee|Indeedee, M|100/100|[from]move: U-turn
|-fieldstart|move: Psychic Terrain|[from] ability: Psychic Surge|[of] p2a: Indeedee
|
|-weather|Sandstorm|[upkeep]
|-damage|p2a: Indeedee|94/100|[from] Sandstorm
|-damage|p1a: Rotom|77/100|[from] Sandstorm
|upkeep
|turn|2
|inactive|Krneoamazon has 120 seconds left.
|inactive|hjhlhlh has 120 seconds left.
|
|switch|p1a: Tyranitar|Tyranitar, M|100/100
|move|p2a: Indeedee|Psychic|p1a: Tyranitar
|-immune|p1a: Tyranitar
|
|-weather|Sandstorm|[upkeep]
|-damage|p2a: Indeedee|88/100|[from] Sandstorm
|upkeep
|turn|3
|inactive|Krneoamazon has 120 seconds left.
|
|switch|p2a: Ferrothorn|Ferrothorn, F|100/100
|move|p1a: Tyranitar|Stealth Rock|p2a: Ferrothorn
|-sidestart|p2: hjhlhlh|move: Stealth Rock
|
|-weather|Sandstorm|[upkeep]
|upkeep
|turn|4
|
|switch|p1a: Hatterene|Hatterene, F|100/100
|move|p2a: Ferrothorn|Gyro Ball|p1a: Hatterene
|-supereffective|p1a: Hatterene
|-damage|p1a: Hatterene|79/100
|
|-weather|Sandstorm|[upkeep]
|-damage|p1a: Hatterene|73/100|[from] Sandstorm
|upkeep
|turn|5
|
|switch|p2a: Cinderace|Cinderace, M|100/100
|-damage|p2a: Cinderace|76/100|[from] Stealth Rock
|move|p1a: Hatterene|Dazzling Gleam|p2a: Cinderace
|-resisted|p2a: Cinderace
|-damage|p2a: Cinderace|48/100
|
|-weather|Sandstorm|[upkeep]
|-damage|p2a: Cinderace|42/100|[from] Sandstorm
|-damage|p1a: Hatterene|67/100|[from] Sandstorm
|-fieldend|move: Psychic Terrain
|upkeep
|turn|6
|
|switch|p1a: Rotom|Rotom-Heat|77/100
|move|p2a: Cinderace|Pyro Ball|p1a: Rotom
|-resisted|p1a: Rotom
|-damage|p1a: Rotom|30/100
|
|-weather|Sandstorm|[upkeep]
|-damage|p2a: Cinderace|36/100|[from] Sandstorm
|-damage|p1a: Rotom|24/100|[from] Sandstorm
|upkeep
|turn|7
|
|switch|p1a: Tyranitar|Tyranitar, M|100/100
|move|p2a: Cinderace|Pyro Ball|p1a: Tyranitar
|-resisted|p1a: Tyranitar
|-damage|p1a: Tyranitar|69/100
|
|-weather|Sandstorm|[upkeep]
|-damage|p2a: Cinderace|30/100|[from] Sandstorm
|upkeep
|turn|8
|
|switch|p2a: Ferrothorn|Ferrothorn, F|100/100
|-damage|p2a: Ferrothorn|95/100|[from] Stealth Rock
|move|p1a: Tyranitar|Stone Edge|p2a: Ferrothorn
|-resisted|p2a: Ferrothorn
|-crit|p2a: Ferrothorn
|-damage|p2a: Ferrothorn|68/100
|
|-weather|none
|-heal|p2a: Ferrothorn|74/100|[from] item: Leftovers
|upkeep
|turn|9
|
|switch|p1a: Hatterene|Hatterene, F|67/100
|move|p2a: Ferrothorn|Gyro Ball|p1a: Hatterene
|-supereffective|p1a: Hatterene
|-damage|p1a: Hatterene|46/100
|
|-heal|p2a: Ferrothorn|80/100|[from] item: Leftovers
|upkeep
|turn|10
|
|switch|p2a: Mandibuzz|Mandibuzz, F|100/100
|move|p1a: Hatterene|Dazzling Gleam|p2a: Mandibuzz
|-supereffective|p2a: Mandibuzz
|-damage|p2a: Mandibuzz|41/100
|
|upkeep
|turn|11
|
|move|p2a: Mandibuzz|Defog|p1a: Hatterene
|move|p1a: Hatterene|Defog|p2a: Mandibuzz|[from]Magic Bounce
|-unboost|p2a: Mandibuzz|evasion|1
|-sideend|p2: hjhlhlh|Stealth Rock|[from] move: Defog|[of] p1a: Hatterene
|move|p1a: Hatterene|Dazzling Gleam|p2a: Mandibuzz
|-supereffective|p2a: Mandibuzz
|-damage|p2a: Mandibuzz|0 fnt
|faint|p2a: Mandibuzz
|
|upkeep
|
|switch|p2a: Indeedee|Indeedee, M|88/100
|-fieldstart|move: Psychic Terrain|[from] ability: Psychic Surge|[of] p2a: Indeedee
|turn|12
|
|switch|p1a: Tyranitar|Tyranitar, M|69/100
|-weather|Sandstorm|[from] ability: Sand Stream|[of] p1a: Tyranitar
|move|p2a: Indeedee|Dazzling Gleam|p1a: Tyranitar
|-supereffective|p1a: Tyranitar
|-damage|p1a: Tyranitar|24/100
|
|-weather|Sandstorm|[upkeep]
|-damage|p2a: Indeedee|82/100|[from] Sandstorm
|upkeep
|turn|13
|
|move|p2a: Indeedee|Dazzling Gleam|p1a: Tyranitar
|-supereffective|p1a: Tyranitar
|-damage|p1a: Tyranitar|0 fnt
|faint|p1a: Tyranitar
|
|-weather|Sandstorm|[upkeep]
|-damage|p2a: Indeedee|76/100|[from] Sandstorm
|upkeep
|
|switch|p1a: Excadrill|Excadrill, M|100/100
|turn|14
|
|switch|p2a: Ferrothorn|Ferrothorn, F|80/100
|move|p1a: Excadrill|Earthquake|p2a: Ferrothorn
|-damage|p2a: Ferrothorn|42/100
|
|-weather|Sandstorm|[upkeep]
|-heal|p2a: Ferrothorn|48/100|[from] item: Leftovers
|upkeep
|turn|15
|
|move|p1a: Excadrill|Earthquake|p2a: Ferrothorn
|-crit|p2a: Ferrothorn
|-damage|p2a: Ferrothorn|0 fnt
|faint|p2a: Ferrothorn
|
|-weather|Sandstorm|[upkeep]
|upkeep
|c|☆hjhlhlh|??
|
|switch|p2a: Hawlucha|Hawlucha, M|100/100
|-enditem|p2a: Hawlucha|Psychic Seed
|-boost|p2a: Hawlucha|spd|1
|turn|16
|
|move|p2a: Hawlucha|Swords Dance|p2a: Hawlucha
|-boost|p2a: Hawlucha|atk|2
|move|p1a: Excadrill|Iron Head|p2a: Hawlucha
|-damage|p2a: Hawlucha|29/100
|
|-weather|Sandstorm|[upkeep]
|-damage|p2a: Hawlucha|23/100|[from] Sandstorm
|-fieldend|move: Psychic Terrain
|upkeep
|turn|17
|inactive|Krneoamazon has 120 seconds left.
|
|switch|p1a: Hatterene|Hatterene, F|46/100
|move|p2a: Hawlucha|Close Combat|p1a: Hatterene
|-resisted|p1a: Hatterene
|-damage|p1a: Hatterene|22/100
|-unboost|p2a: Hawlucha|def|1
|-unboost|p2a: Hawlucha|spd|1
|
|-weather|Sandstorm|[upkeep]
|-damage|p2a: Hawlucha|17/100|[from] Sandstorm
|-damage|p1a: Hatterene|16/100|[from] Sandstorm
|upkeep
|turn|18
|
|move|p2a: Hawlucha|Close Combat|p1a: Hatterene
|-resisted|p1a: Hatterene
|-damage|p1a: Hatterene|0 fnt
|-unboost|p2a: Hawlucha|def|1
|-unboost|p2a: Hawlucha|spd|1
|faint|p1a: Hatterene
|
|-weather|Sandstorm|[upkeep]
|-damage|p2a: Hawlucha|11/100|[from] Sandstorm
|upkeep
|inactive|Krneoamazon has 120 seconds left.
|
|switch|p1a: Flapple|Flapple, F|100/100
|turn|19
|
|move|p1a: Flapple|Sucker Punch|p2a: Hawlucha
|-resisted|p2a: Hawlucha
|-damage|p2a: Hawlucha|0 fnt
|-damage|p1a: Flapple|91/100|[from] item: Life Orb
|faint|p2a: Hawlucha
|
|-weather|none
|upkeep
|
|switch|p2a: Indeedee|Indeedee, M|76/100
|-fieldstart|move: Psychic Terrain|[from] ability: Psychic Surge|[of] p2a: Indeedee
|turn|20
|
|switch|p1a: Rotom|Rotom-Heat|24/100
|move|p2a: Indeedee|Psychic|p1a: Rotom
|-damage|p1a: Rotom|0 fnt
|faint|p1a: Rotom
|
|upkeep
|
|switch|p1a: Excadrill|Excadrill, M|100/100
|turn|21
|
|move|p2a: Indeedee|Psychic|p1a: Excadrill
|-resisted|p1a: Excadrill
|-damage|p1a: Excadrill|46/100
|move|p1a: Excadrill|Earthquake|p2a: Indeedee
|-damage|p2a: Indeedee|0 fnt
|faint|p2a: Indeedee
|
|upkeep
|
|switch|p2a: Cinderace|Cinderace, M|30/100
|turn|22
|
|switch|p1a: Inteleon|Inteleon, M|100/100
|move|p2a: Cinderace|Pyro Ball|p1a: Inteleon
|-resisted|p1a: Inteleon
|-damage|p1a: Inteleon|0 fnt
|faint|p1a: Inteleon
|
|upkeep
|
|switch|p1a: Excadrill|Excadrill, M|46/100
|turn|23
|
|move|p2a: Cinderace|Pyro Ball|p1a: Excadrill
|-supereffective|p1a: Excadrill
|-damage|p1a: Excadrill|0 fnt
|faint|p1a: Excadrill
|
|upkeep
|
|switch|p1a: Flapple|Flapple, F|91/100
|turn|24
|
|move|p2a: Cinderace|Pyro Ball|p1a: Flapple
|-damage|p1a: Flapple|0 fnt
|faint|p1a: Flapple
|
|win|hjhlhlh
|l|☆Krneoamazon
|c|☆hjhlhlh|gg noob
