|ScrapeTime|2020-01-02-04:14:36
|j|☆DarkTwo212
|j|☆hiiroG
|player|p1|DarkTwo212|pokemonbreeder-gen4|1410
|player|p2|hiiroG|alder|1389
|teamsize|p1|6
|teamsize|p2|6
|gametype|singles
|gen|8
|tier|[Gen 8] OU
|rated|
|rule|Sleep Clause Mod: Limit one foe put to sleep
|rule|Species Clause: Limit one of each Pokémon
|rule|OHKO Clause: OHKO moves are banned
|rule|Evasion Moves Clause: Evasion moves are banned
|rule|Endless Battle Clause: Forcing endless battles is banned
|rule|HP Percentage Mod: HP is shown in percentages
|clearpoke
|poke|p1|Toxtricity, M|
|poke|p1|Seismitoad, F|
|poke|p1|Cinderace, F|
|poke|p1|Hydreigon, F|
|poke|p1|Obstagoon, F|
|poke|p1|Sylveon, F|
|poke|p2|Ninetales, M|
|poke|p2|Shiftry, M|
|poke|p2|Seismitoad, F|
|poke|p2|Mandibuzz, F|
|poke|p2|Cinderace, F|
|poke|p2|Salazzle, F|
|rule|Dynamax Clause: You cannot dynamax
|teampreview
|inactive|Battle timer is ON: inactive players will automatically lose when time's up. (requested by hiiroG)
|
|start
|switch|p1a: Obstagoon|Obstagoon, F|100/100
|switch|p2a: Ninetales|Ninetales, M, shiny|100/100
|-weather|SunnyDay|[from] ability: Drought|[of] p2a: Ninetales
|turn|1
|
|move|p2a: Ninetales|Fire Blast|p1a: Obstagoon
|-damage|p1a: Obstagoon|19/100
|move|p1a: Obstagoon|Knock Off|p2a: Ninetales
|-damage|p2a: Ninetales|43/100
|-enditem|p2a: Ninetales|Heat Rock|[from] move: Knock Off|[of] p1a: Obstagoon
|
|-weather|SunnyDay|[upkeep]
|-status|p1a: Obstagoon|brn|[from] item: Flame Orb
|upkeep
|turn|2
|
|switch|p1a: Seismitoad|Seismitoad, F|100/100
|move|p2a: Ninetales|Fire Blast|p1a: Seismitoad
|-resisted|p1a: Seismitoad
|-damage|p1a: Seismitoad|65/100
|
|-weather|SunnyDay|[upkeep]
|-heal|p1a: Seismitoad|71/100|[from] item: Leftovers
|upkeep
|turn|3
|
|move|p2a: Ninetales|Solar Beam||[still]
|-prepare|p2a: Ninetales|Solar Beam|p1a: Seismitoad
|-anim|p2a: Ninetales|Solar Beam|p1a: Seismitoad
|-supereffective|p1a: Seismitoad
|-damage|p1a: Seismitoad|0 fnt
|faint|p1a: Seismitoad
|
|-weather|SunnyDay|[upkeep]
|upkeep
|
|switch|p1a: Hydreigon|Hydreigon, F|100/100
|turn|4
|
|switch|p2a: Mandibuzz|Mandibuzz, F|100/100
|move|p1a: Hydreigon|Dark Pulse|p2a: Mandibuzz
|-resisted|p2a: Mandibuzz
|-damage|p2a: Mandibuzz|88/100
|
|-weather|SunnyDay|[upkeep]
|upkeep
|turn|5
|
|switch|p1a: Toxtricity|Toxtricity, M|100/100
|move|p2a: Mandibuzz|U-turn|p1a: Toxtricity
|-resisted|p1a: Toxtricity
|-damage|p1a: Toxtricity|91/100
|
|switch|p2a: Cinderace|Cinderace, F|100/100|[from]move: U-turn
|
|-weather|SunnyDay|[upkeep]
|upkeep
|turn|6
|
|move|p2a: Cinderace|Pyro Ball|p1a: Toxtricity
|-damage|p1a: Toxtricity|0 fnt
|faint|p1a: Toxtricity
|
|-weather|SunnyDay|[upkeep]
|upkeep
|c|☆DarkTwo212|i keep forgetting the sun
|
|switch|p1a: Hydreigon|Hydreigon, F|100/100
|turn|7
|c|☆hiiroG|:o
|
|switch|p2a: Seismitoad|Seismitoad, F|100/100
|move|p1a: Hydreigon|U-turn|p2a: Seismitoad
|-damage|p2a: Seismitoad|90/100
|
|switch|p1a: Sylveon|Sylveon, F|100/100|[from]move: U-turn
|
|-weather|SunnyDay|[upkeep]
|-heal|p2a: Seismitoad|96/100|[from] item: Leftovers
|upkeep
|turn|8
|
|move|p2a: Seismitoad|Toxic|p1a: Sylveon
|-status|p1a: Sylveon|tox
|move|p1a: Sylveon|Wish|p1a: Sylveon
|
|-weather|none
|-heal|p2a: Seismitoad|100/100|[from] item: Leftovers
|-damage|p1a: Sylveon|94/100 tox|[from] psn
|upkeep
|turn|9
|
|switch|p1a: Obstagoon|Obstagoon, F|19/100 brn
|move|p2a: Seismitoad|Stealth Rock|p1a: Obstagoon
|-sidestart|p1: DarkTwo212|move: Stealth Rock
|
|-heal|p1a: Obstagoon|79/100 brn|[from] move: Wish|[wisher] Sylveon
|-damage|p1a: Obstagoon|73/100 brn|[from] brn
|upkeep
|turn|10
|
|move|p1a: Obstagoon|Facade|p2a: Seismitoad
|-damage|p2a: Seismitoad|40/100
|move|p2a: Seismitoad|Earth Power|p1a: Obstagoon
|-damage|p1a: Obstagoon|37/100 brn
|
|-heal|p2a: Seismitoad|46/100|[from] item: Leftovers
|-damage|p1a: Obstagoon|31/100 brn|[from] brn
|upkeep
|turn|11
|
|move|p1a: Obstagoon|Facade|p2a: Seismitoad
|-damage|p2a: Seismitoad|0 fnt
|faint|p2a: Seismitoad
|
|-damage|p1a: Obstagoon|25/100 brn|[from] brn
|upkeep
|
|switch|p2a: Cinderace|Cinderace, F|100/100
|turn|12
|
|move|p1a: Obstagoon|Obstruct|p1a: Obstagoon
|-singleturn|p1a: Obstagoon|Protect
|move|p2a: Cinderace|U-turn|p1a: Obstagoon
|-activate|p1a: Obstagoon|move: Protect
|-unboost|p2a: Cinderace|def|2
|
|-damage|p1a: Obstagoon|19/100 brn|[from] brn
|upkeep
|turn|13
|
|switch|p1a: Cinderace|Cinderace, F|100/100
|move|p2a: Cinderace|U-turn|p1a: Cinderace
|-resisted|p1a: Cinderace
|-damage|p1a: Cinderace|78/100
|
|switch|p2a: Salazzle|Salazzle, F|100/100|[from]move: U-turn
|
|upkeep
|turn|14
|
|move|p1a: Cinderace|Pyro Ball|p2a: Salazzle
|-resisted|p2a: Salazzle
|-damage|p2a: Salazzle|55/100
|move|p2a: Salazzle|Substitute|p2a: Salazzle
|-start|p2a: Salazzle|Substitute
|-damage|p2a: Salazzle|30/100
|
|-heal|p2a: Salazzle|36/100|[from] item: Black Sludge
|upkeep
|turn|15
|
|move|p2a: Salazzle|Protect|p2a: Salazzle
|-singleturn|p2a: Salazzle|Protect
|move|p1a: Cinderace|Pyro Ball|p2a: Salazzle
|-activate|p2a: Salazzle|move: Protect
|
|-heal|p2a: Salazzle|43/100|[from] item: Black Sludge
|upkeep
|turn|16
|
|move|p1a: Cinderace|Pyro Ball|p2a: Salazzle
|-resisted|p2a: Salazzle
|-end|p2a: Salazzle|Substitute
|move|p2a: Salazzle|Toxic|p1a: Cinderace
|-status|p1a: Cinderace|tox
|
|-heal|p2a: Salazzle|49/100|[from] item: Black Sludge
|-damage|p1a: Cinderace|72/100 tox|[from] psn
|upkeep
|turn|17
|
|move|p2a: Salazzle|Protect|p2a: Salazzle
|-singleturn|p2a: Salazzle|Protect
|move|p1a: Cinderace|Pyro Ball|p2a: Salazzle
|-activate|p2a: Salazzle|move: Protect
|
|-heal|p2a: Salazzle|55/100|[from] item: Black Sludge
|-damage|p1a: Cinderace|60/100 tox|[from] psn
|upkeep
|turn|18
|
|move|p1a: Cinderace|Pyro Ball|p2a: Salazzle
|-resisted|p2a: Salazzle
|-damage|p2a: Salazzle|14/100
|move|p2a: Salazzle|Sludge Wave|p1a: Cinderace
|-damage|p1a: Cinderace|5/100 tox
|
|-heal|p2a: Salazzle|21/100|[from] item: Black Sludge
|-damage|p1a: Cinderace|0 fnt|[from] psn
|faint|p1a: Cinderace
|upkeep
|
|switch|p1a: Hydreigon|Hydreigon, F|100/100
|-damage|p1a: Hydreigon|88/100|[from] Stealth Rock
|turn|19
|
|move|p2a: Salazzle|Protect|p2a: Salazzle
|-singleturn|p2a: Salazzle|Protect
|move|p1a: Hydreigon|U-turn|p2a: Salazzle
|-activate|p2a: Salazzle|move: Protect
|
|-heal|p2a: Salazzle|27/100|[from] item: Black Sludge
|upkeep
|turn|20
|
|move|p1a: Hydreigon|U-turn|p2a: Salazzle
|-resisted|p2a: Salazzle
|-damage|p2a: Salazzle|21/100
|-message|DarkTwo212 forfeited.
|
|win|hiiroG
|l|☆DarkTwo212
