|ScrapeTime|2020-01-02-00:34:59
|j|☆kkkkkkkkkkkkkkk99
|j|☆Ark96
|player|p1|kkkkkkkkkkkkkkk99|170|1057
|player|p2|Ark96|ethan|1084
|teamsize|p1|6
|teamsize|p2|6
|gametype|singles
|gen|8
|tier|[Gen 8] OU
|rated|
|rule|Sleep Clause Mod: Limit one foe put to sleep
|rule|Species Clause: Limit one of each Pokémon
|rule|OHKO Clause: OHKO moves are banned
|rule|Evasion Moves Clause: Evasion moves are banned
|rule|Endless Battle Clause: Forcing endless battles is banned
|rule|HP Percentage Mod: HP is shown in percentages
|clearpoke
|poke|p1|Corviknight, M|
|poke|p1|Corsola-Galar, M|
|poke|p1|Dragapult, F|
|poke|p1|Rotom-Wash|
|poke|p1|Seismitoad, M|
|poke|p1|Hawlucha, F|
|poke|p2|Cinderace, M|
|poke|p2|Toxapex, M|
|poke|p2|Corviknight, M|
|poke|p2|Mimikyu, M|
|poke|p2|Haxorus, M|
|poke|p2|Orbeetle, F|
|rule|Dynamax Clause: You cannot dynamax
|teampreview
|inactive|Battle timer is ON: inactive players will automatically lose when time's up. (requested by Ark96)
|
|start
|switch|p1a: Dragapult|Dragapult, F|100/100
|switch|p2a: Orbeetle|Orbeetle, F|100/100
|-item|p1a: Dragapult|Choice Scarf|[from] ability: Frisk|[of] p2a: Orbeetle|[identify]
|turn|1
|
|switch|p2a: Toxapex|Toxapex, M|100/100
|move|p1a: Dragapult|U-turn|p2a: Toxapex
|-resisted|p2a: Toxapex
|-damage|p2a: Toxapex|94/100
|
|switch|p1a: Rotom|Rotom-Wash|100/100|[from]move: U-turn
|
|-heal|p2a: Toxapex|100/100|[from] item: Black Sludge
|upkeep
|turn|2
|
|switch|p2a: Orbeetle|Orbeetle, F|100/100
|-item|p1a: Rotom|Choice Specs|[from] ability: Frisk|[of] p2a: Orbeetle|[identify]
|move|p1a: Rotom|Volt Switch|p2a: Orbeetle
|-damage|p2a: Orbeetle|66/100
|
|switch|p1a: Dragapult|Dragapult, F|100/100|[from]move: Volt Switch
|
|upkeep
|turn|3
|
|move|p1a: Dragapult|Draco Meteor|p2a: Orbeetle
|-damage|p2a: Orbeetle|19/100
|-unboost|p1a: Dragapult|spa|2
|move|p2a: Orbeetle|Sticky Web|p1a: Dragapult
|-sidestart|p1: kkkkkkkkkkkkkkk99|move: Sticky Web
|
|upkeep
|turn|4
|
|move|p1a: Dragapult|Draco Meteor|p2a: Orbeetle
|-damage|p2a: Orbeetle|0 fnt
|-unboost|p1a: Dragapult|spa|2
|faint|p2a: Orbeetle
|
|upkeep
|
|switch|p2a: Haxorus|Haxorus, M|100/100
|-ability|p2a: Haxorus|Mold Breaker
|turn|5
|
|switch|p1a: Corsola|Corsola-Galar, M|100/100
|-activate|p1a: Corsola|move: Sticky Web
|-unboost|p1a: Corsola|spe|1
|move|p2a: Haxorus|Dragon Dance|p2a: Haxorus
|-boost|p2a: Haxorus|atk|1
|-boost|p2a: Haxorus|spe|1
|
|upkeep
|turn|6
|
|switch|p2a: Corviknight|Corviknight, M|100/100
|-ability|p2a: Corviknight|Pressure
|move|p1a: Corsola|Strength Sap|p2a: Corviknight
|-unboost|p2a: Corviknight|atk|1
|
|upkeep
|turn|7
|
|move|p2a: Corviknight|Taunt|p1a: Corsola
|-start|p1a: Corsola|move: Taunt
|move|p1a: Corsola|Night Shade|p2a: Corviknight
|-damage|p2a: Corviknight|75/100
|-enditem|p2a: Corviknight|Maranga Berry|[eat]
|-boost|p2a: Corviknight|spd|1
|
|upkeep
|turn|8
|
|move|p2a: Corviknight|Bulk Up|p2a: Corviknight
|-boost|p2a: Corviknight|atk|1
|-boost|p2a: Corviknight|def|1
|move|p1a: Corsola|Night Shade|p2a: Corviknight
|-damage|p2a: Corviknight|50/100
|
|upkeep
|turn|9
|
|move|p2a: Corviknight|Roost|p2a: Corviknight
|-heal|p2a: Corviknight|100/100
|-singleturn|p2a: Corviknight|move: Roost
|move|p1a: Corsola|Night Shade|p2a: Corviknight
|-damage|p2a: Corviknight|75/100
|
|-end|p1a: Corsola|move: Taunt
|upkeep
|turn|10
|
|switch|p1a: Dragapult|Dragapult, F|100/100
|-activate|p1a: Dragapult|move: Sticky Web
|-fail|p1a: Dragapult|unboost|[from] ability: Clear Body|[of] p1a: Dragapult
|move|p2a: Corviknight|Taunt|p1a: Dragapult
|-start|p1a: Dragapult|move: Taunt
|
|upkeep
|turn|11
|
|move|p1a: Dragapult|Fire Blast|p2a: Corviknight
|-supereffective|p2a: Corviknight
|-damage|p2a: Corviknight|45/100
|move|p2a: Corviknight|Roost|p2a: Corviknight
|-heal|p2a: Corviknight|95/100
|-singleturn|p2a: Corviknight|move: Roost
|
|upkeep
|turn|12
|
|move|p1a: Dragapult|Fire Blast|p2a: Corviknight
|-supereffective|p2a: Corviknight
|-damage|p2a: Corviknight|63/100
|move|p2a: Corviknight|Brave Bird|p1a: Dragapult
|-damage|p1a: Dragapult|53/100
|-damage|p2a: Corviknight|50/100|[from] Recoil
|
|-end|p1a: Dragapult|move: Taunt
|upkeep
|turn|13
|
|move|p1a: Dragapult|Fire Blast|p2a: Corviknight|[miss]
|-miss|p1a: Dragapult|p2a: Corviknight
|move|p2a: Corviknight|Roost|p2a: Corviknight
|-heal|p2a: Corviknight|100/100
|-singleturn|p2a: Corviknight|move: Roost
|
|upkeep
|turn|14
|
|switch|p1a: Rotom|Rotom-Wash|100/100
|move|p2a: Corviknight|Bulk Up|p2a: Corviknight
|-boost|p2a: Corviknight|atk|1
|-boost|p2a: Corviknight|def|1
|
|upkeep
|turn|15
|
|move|p1a: Rotom|Volt Switch|p2a: Corviknight
|-supereffective|p2a: Corviknight
|-damage|p2a: Corviknight|52/100
|
|switch|p1a: Dragapult|Dragapult, F|53/100|[from]move: Volt Switch
|-activate|p1a: Dragapult|move: Sticky Web
|-fail|p1a: Dragapult|unboost|[from] ability: Clear Body|[of] p1a: Dragapult
|move|p2a: Corviknight|Roost|p2a: Corviknight
|-heal|p2a: Corviknight|100/100
|-singleturn|p2a: Corviknight|move: Roost
|
|upkeep
|turn|16
|
|move|p1a: Dragapult|Shadow Ball|p2a: Corviknight
|-damage|p2a: Corviknight|83/100
|move|p2a: Corviknight|Brave Bird|p1a: Dragapult
|-damage|p1a: Dragapult|0 fnt
|-damage|p2a: Corviknight|69/100|[from] Recoil
|faint|p1a: Dragapult
|
|upkeep
|
|switch|p1a: Rotom|Rotom-Wash|100/100
|turn|17
|
|move|p1a: Rotom|Hydro Pump|p2a: Corviknight
|-damage|p2a: Corviknight|31/100
|move|p2a: Corviknight|Roost|p2a: Corviknight
|-heal|p2a: Corviknight|81/100
|-singleturn|p2a: Corviknight|move: Roost
|
|upkeep
|turn|18
|
|move|p1a: Rotom|Hydro Pump|p2a: Corviknight
|-damage|p2a: Corviknight|43/100
|move|p2a: Corviknight|Roost|p2a: Corviknight
|-heal|p2a: Corviknight|93/100
|-singleturn|p2a: Corviknight|move: Roost
|
|upkeep
|turn|19
|
|switch|p2a: Toxapex|Toxapex, M|100/100
|move|p1a: Rotom|Hydro Pump|p2a: Toxapex
|-resisted|p2a: Toxapex
|-damage|p2a: Toxapex|73/100
|
|-heal|p2a: Toxapex|79/100|[from] item: Black Sludge
|upkeep
|turn|20
|
|switch|p1a: Corviknight|Corviknight, M|100/100
|-ability|p1a: Corviknight|Pressure
|move|p2a: Toxapex|Scald|p1a: Corviknight
|-damage|p1a: Corviknight|85/100
|-status|p1a: Corviknight|brn
|
|-heal|p1a: Corviknight|91/100 brn|[from] item: Leftovers
|-heal|p2a: Toxapex|86/100|[from] item: Black Sludge
|-damage|p1a: Corviknight|85/100 brn|[from] brn
|upkeep
|turn|21
|
|switch|p2a: Corviknight|Corviknight, M|93/100
|-ability|p2a: Corviknight|Pressure
|move|p1a: Corviknight|Defog|p2a: Corviknight
|-unboost|p2a: Corviknight|evasion|1
|-sideend|p1: kkkkkkkkkkkkkkk99|Sticky Web|[from] move: Defog|[of] p1a: Corviknight
|
|-heal|p1a: Corviknight|91/100 brn|[from] item: Leftovers
|-damage|p1a: Corviknight|85/100 brn|[from] brn
|upkeep
|turn|22
|
|move|p2a: Corviknight|Taunt|p1a: Corviknight
|-start|p1a: Corviknight|move: Taunt
|cant|p1a: Corviknight|move: Taunt|Taunt
|
|-heal|p1a: Corviknight|91/100 brn|[from] item: Leftovers
|-damage|p1a: Corviknight|85/100 brn|[from] brn
|upkeep
|turn|23
|
|switch|p1a: Corsola|Corsola-Galar, M|100/100
|move|p2a: Corviknight|Bulk Up|p2a: Corviknight
|-boost|p2a: Corviknight|atk|1
|-boost|p2a: Corviknight|def|1
|
|upkeep
|turn|24
|
|move|p2a: Corviknight|Taunt|p1a: Corsola
|-start|p1a: Corsola|move: Taunt
|cant|p1a: Corsola|move: Taunt|Will-O-Wisp
|
|upkeep
|turn|25
|
|switch|p1a: Seismitoad|Seismitoad, M|100/100
|move|p2a: Corviknight|Brave Bird|p1a: Seismitoad
|-damage|p1a: Seismitoad|63/100
|-damage|p2a: Corviknight|80/100|[from] Recoil
|
|-heal|p1a: Seismitoad|69/100|[from] item: Leftovers
|upkeep
|turn|26
|
|move|p2a: Corviknight|Taunt|p1a: Seismitoad
|-start|p1a: Seismitoad|move: Taunt
|move|p1a: Seismitoad|Earthquake|p2a: Corviknight
|-immune|p2a: Corviknight
|
|-heal|p1a: Seismitoad|75/100|[from] item: Leftovers
|upkeep
|turn|27
|
|move|p2a: Corviknight|Bulk Up|p2a: Corviknight
|-boost|p2a: Corviknight|atk|1
|-boost|p2a: Corviknight|def|1
|move|p1a: Seismitoad|Scald|p2a: Corviknight
|-damage|p2a: Corviknight|62/100
|
|-heal|p1a: Seismitoad|81/100|[from] item: Leftovers
|upkeep
|turn|28
|
|move|p2a: Corviknight|Bulk Up|p2a: Corviknight
|-boost|p2a: Corviknight|atk|1
|-boost|p2a: Corviknight|def|1
|move|p1a: Seismitoad|Scald|p2a: Corviknight
|-damage|p2a: Corviknight|43/100
|
|-heal|p1a: Seismitoad|87/100|[from] item: Leftovers
|-end|p1a: Seismitoad|move: Taunt
|upkeep
|turn|29
|
|move|p2a: Corviknight|Roost|p2a: Corviknight
|-heal|p2a: Corviknight|93/100
|-singleturn|p2a: Corviknight|move: Roost
|move|p1a: Seismitoad|Scald|p2a: Corviknight
|-damage|p2a: Corviknight|75/100
|
|-heal|p1a: Seismitoad|93/100|[from] item: Leftovers
|upkeep
|turn|30
|
|move|p2a: Corviknight|Brave Bird|p1a: Seismitoad
|-damage|p1a: Seismitoad|34/100
|-damage|p2a: Corviknight|55/100|[from] Recoil
|move|p1a: Seismitoad|Scald|p2a: Corviknight
|-damage|p2a: Corviknight|36/100
|
|-heal|p1a: Seismitoad|40/100|[from] item: Leftovers
|upkeep
|turn|31
|
|switch|p1a: Corsola|Corsola-Galar, M|100/100
|move|p2a: Corviknight|Brave Bird|p1a: Corsola
|-damage|p1a: Corsola|52/100
|-damage|p2a: Corviknight|23/100|[from] Recoil
|
|upkeep
|turn|32
|
|move|p2a: Corviknight|Roost|p2a: Corviknight
|-heal|p2a: Corviknight|73/100
|-singleturn|p2a: Corviknight|move: Roost
|move|p1a: Corsola|Night Shade|p2a: Corviknight
|-damage|p2a: Corviknight|48/100
|
|upkeep
|turn|33
|
|move|p2a: Corviknight|Taunt|p1a: Corsola
|-start|p1a: Corsola|move: Taunt
|move|p1a: Corsola|Night Shade|p2a: Corviknight
|-damage|p2a: Corviknight|23/100
|
|upkeep
|turn|34
|
|move|p2a: Corviknight|Roost|p2a: Corviknight
|-heal|p2a: Corviknight|73/100
|-singleturn|p2a: Corviknight|move: Roost
|move|p1a: Corsola|Night Shade|p2a: Corviknight
|-damage|p2a: Corviknight|48/100
|
|upkeep
|turn|35
|
|move|p2a: Corviknight|Roost|p2a: Corviknight
|-heal|p2a: Corviknight|98/100
|-singleturn|p2a: Corviknight|move: Roost
|move|p1a: Corsola|Night Shade|p2a: Corviknight
|-damage|p2a: Corviknight|73/100
|
|-end|p1a: Corsola|move: Taunt
|upkeep
|turn|36
|
|move|p2a: Corviknight|Taunt|p1a: Corsola
|-start|p1a: Corsola|move: Taunt
|move|p1a: Corsola|Night Shade|p2a: Corviknight
|-damage|p2a: Corviknight|48/100
|
|upkeep
|turn|37
|
|move|p2a: Corviknight|Roost|p2a: Corviknight
|-heal|p2a: Corviknight|98/100
|-singleturn|p2a: Corviknight|move: Roost
|move|p1a: Corsola|Night Shade|p2a: Corviknight
|-damage|p2a: Corviknight|73/100
|
|upkeep
|turn|38
|
|move|p2a: Corviknight|Bulk Up|p2a: Corviknight
|-boost|p2a: Corviknight|atk|1
|-boost|p2a: Corviknight|def|1
|move|p1a: Corsola|Night Shade|p2a: Corviknight
|-damage|p2a: Corviknight|48/100
|
|-end|p1a: Corsola|move: Taunt
|upkeep
|turn|39
|
|move|p2a: Corviknight|Taunt|p1a: Corsola
|-start|p1a: Corsola|move: Taunt
|move|p1a: Corsola|Night Shade|p2a: Corviknight
|-damage|p2a: Corviknight|23/100
|
|upkeep
|turn|40
|
|move|p2a: Corviknight|Roost|p2a: Corviknight
|-heal|p2a: Corviknight|73/100
|-singleturn|p2a: Corviknight|move: Roost
|move|p1a: Corsola|Night Shade|p2a: Corviknight
|-damage|p2a: Corviknight|48/100
|
|upkeep
|turn|41
|
|switch|p1a: Seismitoad|Seismitoad, M|40/100
|move|p2a: Corviknight|Roost|p2a: Corviknight
|-heal|p2a: Corviknight|98/100
|-singleturn|p2a: Corviknight|move: Roost
|
|-heal|p1a: Seismitoad|46/100|[from] item: Leftovers
|upkeep
|turn|42
|
|move|p2a: Corviknight|Brave Bird|p1a: Seismitoad
|-damage|p1a: Seismitoad|0 fnt
|-damage|p2a: Corviknight|83/100|[from] Recoil
|faint|p1a: Seismitoad
|
|upkeep
|
|switch|p1a: Rotom|Rotom-Wash|100/100
|turn|43
|
|move|p1a: Rotom|Volt Switch|p2a: Corviknight
|-supereffective|p2a: Corviknight
|-crit|p2a: Corviknight
|-damage|p2a: Corviknight|0 fnt
|faint|p2a: Corviknight
|
|switch|p1a: Corsola|Corsola-Galar, M|52/100|[from]move: Volt Switch
|
|upkeep
|
|switch|p2a: Toxapex|Toxapex, M|100/100
|turn|44
|
|move|p2a: Toxapex|Toxic|p1a: Corsola
|-status|p1a: Corsola|tox
|move|p1a: Corsola|Strength Sap|p2a: Toxapex
|-unboost|p2a: Toxapex|atk|1
|-heal|p1a: Corsola|88/100 tox
|
|-damage|p1a: Corsola|82/100 tox|[from] psn
|upkeep
|turn|45
|
|move|p2a: Toxapex|Stockpile|p2a: Toxapex
|-start|p2a: Toxapex|stockpile1
|-boost|p2a: Toxapex|def|1
|-boost|p2a: Toxapex|spd|1
|move|p1a: Corsola|Stealth Rock|p2a: Toxapex
|-sidestart|p2: Ark96|move: Stealth Rock
|
|-damage|p1a: Corsola|70/100 tox|[from] psn
|upkeep
|turn|46
|
|move|p2a: Toxapex|Stockpile|p2a: Toxapex
|-start|p2a: Toxapex|stockpile2
|-boost|p2a: Toxapex|def|1
|-boost|p2a: Toxapex|spd|1
|move|p1a: Corsola|Will-O-Wisp|p2a: Toxapex
|-status|p2a: Toxapex|brn
|
|-damage|p2a: Toxapex|94/100 brn|[from] brn
|-damage|p1a: Corsola|51/100 tox|[from] psn
|upkeep
|turn|47
|
|switch|p1a: Hawlucha|Hawlucha, F|100/100
|move|p2a: Toxapex|Scald|p1a: Hawlucha
|-damage|p1a: Hawlucha|74/100
|
|-heal|p2a: Toxapex|100/100 brn|[from] item: Black Sludge
|-damage|p2a: Toxapex|94/100 brn|[from] brn
|upkeep
|turn|48
|
|move|p1a: Hawlucha|Substitute|p1a: Hawlucha
|-start|p1a: Hawlucha|Substitute
|-damage|p1a: Hawlucha|49/100
|move|p2a: Toxapex|Scald|p1a: Hawlucha
|-end|p1a: Hawlucha|Substitute
|
|-heal|p2a: Toxapex|100/100 brn|[from] item: Black Sludge
|-damage|p2a: Toxapex|94/100 brn|[from] brn
|upkeep
|turn|49
|
|move|p1a: Hawlucha|Close Combat|p2a: Toxapex
|-resisted|p2a: Toxapex
|-crit|p2a: Toxapex
|-damage|p2a: Toxapex|67/100 brn
|-unboost|p1a: Hawlucha|def|1
|-unboost|p1a: Hawlucha|spd|1
|-enditem|p1a: Hawlucha|White Herb
|-clearnegativeboost|p1a: Hawlucha|[silent]
|move|p2a: Toxapex|Scald|p1a: Hawlucha
|-damage|p1a: Hawlucha|21/100
|-status|p1a: Hawlucha|brn
|
|-heal|p2a: Toxapex|73/100 brn|[from] item: Black Sludge
|-damage|p1a: Hawlucha|15/100 brn|[from] brn
|-damage|p2a: Toxapex|67/100 brn|[from] brn
|upkeep
|turn|50
|
|move|p1a: Hawlucha|Brave Bird|p2a: Toxapex
|-damage|p2a: Toxapex|58/100 brn
|-damage|p1a: Hawlucha|12/100 brn|[from] Recoil
|move|p2a: Toxapex|Stockpile|p2a: Toxapex
|-start|p2a: Toxapex|stockpile3
|-boost|p2a: Toxapex|def|1
|-boost|p2a: Toxapex|spd|1
|
|-heal|p2a: Toxapex|64/100 brn|[from] item: Black Sludge
|-damage|p1a: Hawlucha|6/100 brn|[from] brn
|-damage|p2a: Toxapex|58/100 brn|[from] brn
|upkeep
|turn|51
|
|move|p1a: Hawlucha|Close Combat|p2a: Toxapex
|-resisted|p2a: Toxapex
|-damage|p2a: Toxapex|54/100 brn
|-unboost|p1a: Hawlucha|def|1
|-unboost|p1a: Hawlucha|spd|1
|move|p2a: Toxapex|Recover|p2a: Toxapex
|-heal|p2a: Toxapex|100/100 brn
|
|-damage|p1a: Hawlucha|0 fnt|[from] brn
|faint|p1a: Hawlucha
|-damage|p2a: Toxapex|94/100 brn|[from] brn
|upkeep
|-message|kkkkkkkkkkkkkkk99 forfeited.
|
|win|Ark96
|l|☆kkkkkkkkkkkkkkk99
|raw|kkkkkkkkkkkkkkk99's rating: 1057 → 1040(-17 for losing)
|raw|Ark96's rating: 1084 → 1109(+25 for winning)
