|ScrapeTime|2020-01-01-11:05:25
|j|☆Blackhydra99
|j|☆Thuny
|player|p1|Blackhydra99|265|1174
|player|p2|Thuny|red|1222
|teamsize|p1|6
|teamsize|p2|6
|gametype|singles
|gen|8
|tier|[Gen 8] OU
|rated|
|rule|Sleep Clause Mod: Limit one foe put to sleep
|rule|Species Clause: Limit one of each Pokémon
|rule|OHKO Clause: OHKO moves are banned
|rule|Evasion Moves Clause: Evasion moves are banned
|rule|Endless Battle Clause: Forcing endless battles is banned
|rule|HP Percentage Mod: HP is shown in percentages
|clearpoke
|poke|p1|Toxtricity, M|
|poke|p1|Corsola-Galar, F|
|poke|p1|Lucario, F|
|poke|p1|Alcremie, F|
|poke|p1|Dragapult, M|
|poke|p1|Toxapex, F|
|poke|p2|Pelipper, M|
|poke|p2|Dracovish|
|poke|p2|Barraskewda, F|
|poke|p2|Seismitoad, F|
|poke|p2|Ferrothorn, M|
|poke|p2|Grimmsnarl, M|
|rule|Dynamax Clause: You cannot dynamax
|teampreview
|
|start
|switch|p1a: Alcremie|Alcremie, F, shiny|100/100
|switch|p2a: Pelipper|Pelipper, M|100/100
|-weather|RainDance|[from] ability: Drizzle|[of] p2a: Pelipper
|turn|1
|
|move|p2a: Pelipper|U-turn|p1a: Alcremie
|-resisted|p1a: Alcremie
|-damage|p1a: Alcremie|95/100
|
|switch|p2a: Ferrothorn|Ferrothorn, M|100/100|[from]move: U-turn
|move|p1a: Alcremie|Energy Ball|p2a: Ferrothorn
|-resisted|p2a: Ferrothorn
|-damage|p2a: Ferrothorn|94/100
|
|-weather|RainDance|[upkeep]
|-heal|p2a: Ferrothorn|99/100|[from] item: Leftovers
|upkeep
|turn|2
|
|switch|p1a: Toxtricity|Toxtricity, M|100/100
|move|p2a: Ferrothorn|Spikes|p1a: Toxtricity
|-sidestart|p1: Blackhydra99|Spikes
|
|-weather|RainDance|[upkeep]
|-heal|p2a: Ferrothorn|100/100|[from] item: Leftovers
|upkeep
|turn|3
|
|move|p1a: Toxtricity|Volt Switch|p2a: Ferrothorn
|-resisted|p2a: Ferrothorn
|-damage|p2a: Ferrothorn|82/100
|-damage|p1a: Toxtricity|91/100|[from] item: Life Orb
|
|switch|p1a: Alcremie|Alcremie, F, shiny|95/100|[from]move: Volt Switch
|-damage|p1a: Alcremie|83/100|[from] Spikes
|move|p2a: Ferrothorn|Knock Off|p1a: Alcremie
|-resisted|p1a: Alcremie
|-damage|p1a: Alcremie|69/100
|-enditem|p1a: Alcremie|Choice Band|[from] move: Knock Off|[of] p2a: Ferrothorn
|
|-weather|RainDance|[upkeep]
|-heal|p2a: Ferrothorn|88/100|[from] item: Leftovers
|upkeep
|turn|4
|
|move|p1a: Alcremie|Mystical Fire|p2a: Ferrothorn
|-supereffective|p2a: Ferrothorn
|-damage|p2a: Ferrothorn|44/100
|-unboost|p2a: Ferrothorn|spa|1
|move|p2a: Ferrothorn|Spikes|p1a: Alcremie
|-sidestart|p1: Blackhydra99|Spikes
|
|-weather|RainDance|[upkeep]
|-heal|p2a: Ferrothorn|50/100|[from] item: Leftovers
|upkeep
|turn|5
|
|switch|p2a: Seismitoad|Seismitoad, F|100/100
|move|p1a: Alcremie|Mystical Fire|p2a: Seismitoad
|-resisted|p2a: Seismitoad
|-crit|p2a: Seismitoad
|-damage|p2a: Seismitoad|88/100
|-unboost|p2a: Seismitoad|spa|1
|
|-weather|RainDance|[upkeep]
|upkeep
|turn|6
|
|move|p2a: Seismitoad|Stealth Rock|p1a: Alcremie
|-sidestart|p1: Blackhydra99|move: Stealth Rock
|move|p1a: Alcremie|Energy Ball|p2a: Seismitoad
|-supereffective|p2a: Seismitoad
|-damage|p2a: Seismitoad|0 fnt
|faint|p2a: Seismitoad
|
|-weather|RainDance|[upkeep]
|upkeep
|
|switch|p2a: Grimmsnarl|Grimmsnarl, M|100/100
|turn|7
|
|switch|p1a: Lucario|Lucario, F|100/100
|-damage|p1a: Lucario|98/100|[from] Stealth Rock
|-damage|p1a: Lucario|81/100|[from] Spikes
|move|p2a: Grimmsnarl|Thunder Wave|p1a: Lucario
|-status|p1a: Lucario|par
|
|-weather|RainDance|[upkeep]
|upkeep
|turn|8
|
|move|p2a: Grimmsnarl|Reflect|p2a: Grimmsnarl
|-sidestart|p2: Thuny|Reflect
|move|p1a: Lucario|Meteor Mash|p2a: Grimmsnarl
|-supereffective|p2a: Grimmsnarl
|-damage|p2a: Grimmsnarl|19/100
|-boost|p1a: Lucario|atk|1
|-damage|p1a: Lucario|71/100 par|[from] item: Life Orb
|
|-weather|none
|upkeep
|turn|9
|
|switch|p2a: Pelipper|Pelipper, M|100/100
|-weather|RainDance|[from] ability: Drizzle|[of] p2a: Pelipper
|move|p1a: Lucario|Earthquake|p2a: Pelipper
|-immune|p2a: Pelipper
|
|-weather|RainDance|[upkeep]
|upkeep
|turn|10
|
|switch|p1a: Toxapex|Toxapex, F|100/100
|-damage|p1a: Toxapex|88/100|[from] Stealth Rock
|-damage|p1a: Toxapex|72/100|[from] Spikes
|move|p2a: Pelipper|Scald|p1a: Toxapex
|-resisted|p1a: Toxapex
|-damage|p1a: Toxapex|60/100
|
|-weather|RainDance|[upkeep]
|-heal|p1a: Toxapex|66/100|[from] item: Leftovers
|upkeep
|turn|11
|
|move|p2a: Pelipper|Tailwind|p2a: Pelipper
|-sidestart|p2: Thuny|move: Tailwind
|move|p1a: Toxapex|Toxic|p2a: Pelipper
|-status|p2a: Pelipper|tox
|
|-weather|RainDance|[upkeep]
|-heal|p1a: Toxapex|72/100|[from] item: Leftovers
|-damage|p2a: Pelipper|94/100 tox|[from] psn
|upkeep
|turn|12
|
|switch|p2a: Dracovish|Dracovish|100/100
|switch|p1a: Alcremie|Alcremie, F, shiny|69/100
|-damage|p1a: Alcremie|56/100|[from] Stealth Rock
|-damage|p1a: Alcremie|40/100|[from] Spikes
|
|-weather|RainDance|[upkeep]
|upkeep
|turn|13
|
|switch|p1a: Corsola|Corsola-Galar, F|100/100
|-damage|p1a: Corsola|88/100|[from] Stealth Rock
|-damage|p1a: Corsola|72/100|[from] Spikes
|move|p2a: Dracovish|Fishious Rend|p1a: Corsola
|-damage|p1a: Corsola|0 fnt
|faint|p1a: Corsola
|
|-weather|RainDance|[upkeep]
|upkeep
|
|switch|p1a: Dragapult|Dragapult, M|100/100
|-damage|p1a: Dragapult|84/100|[from] Spikes
|-damage|p1a: Dragapult|72/100|[from] Stealth Rock
|turn|14
|
|move|p2a: Dracovish|Fishious Rend|p1a: Dragapult
|-resisted|p1a: Dragapult
|-damage|p1a: Dragapult|0 fnt
|faint|p1a: Dragapult
|
|-weather|RainDance|[upkeep]
|-sideend|p2: Thuny|move: Tailwind
|upkeep
|
|switch|p1a: Toxapex|Toxapex, F|100/100
|-damage|p1a: Toxapex|84/100|[from] Spikes
|-damage|p1a: Toxapex|72/100|[from] Stealth Rock
|turn|15
|
|move|p2a: Dracovish|Fishious Rend|p1a: Toxapex
|-resisted|p1a: Toxapex
|-damage|p1a: Toxapex|0 fnt
|faint|p1a: Toxapex
|
|-weather|RainDance|[upkeep]
|-sideend|p2: Thuny|Reflect
|upkeep
|
|switch|p1a: Lucario|Lucario, F|71/100 par
|-damage|p1a: Lucario|55/100 par|[from] Spikes
|-damage|p1a: Lucario|52/100 par|[from] Stealth Rock
|turn|16
|
|move|p2a: Dracovish|Fishious Rend|p1a: Lucario
|-damage|p1a: Lucario|0 fnt
|faint|p1a: Lucario
|
|-weather|none
|upkeep
|
|switch|p1a: Toxtricity|Toxtricity, M|91/100
|-damage|p1a: Toxtricity|78/100|[from] Stealth Rock
|-damage|p1a: Toxtricity|62/100|[from] Spikes
|turn|17
|
|move|p1a: Toxtricity|Overdrive|p2a: Dracovish
|-damage|p2a: Dracovish|14/100
|-damage|p1a: Toxtricity|52/100|[from] item: Life Orb
|move|p2a: Dracovish|Fishious Rend|p1a: Toxtricity
|-damage|p1a: Toxtricity|0 fnt
|faint|p1a: Toxtricity
|
|upkeep
|
|switch|p1a: Alcremie|Alcremie, F, shiny|40/100
|-damage|p1a: Alcremie|24/100|[from] Spikes
|-damage|p1a: Alcremie|11/100|[from] Stealth Rock
|turn|18
|
|move|p2a: Dracovish|Fishious Rend|p1a: Alcremie
|-damage|p1a: Alcremie|0 fnt
|faint|p1a: Alcremie
|
|win|Thuny
|raw|Blackhydra99's rating: 1174 → 1152(-22 for losing)
|raw|Thuny's rating: 1222 → 1244(+22 for winning)
|l|☆Blackhydra99
