|ScrapeTime|2020-01-02-23:38:24
|j|☆Did judge
|j|☆rhiqnru
|player|p1|Did judge|koga|1000
|player|p2|rhiqnru|1|1000
|teamsize|p1|6
|teamsize|p2|6
|gametype|singles
|gen|8
|tier|[Gen 8] OU
|rated|
|rule|Sleep Clause Mod: Limit one foe put to sleep
|rule|Species Clause: Limit one of each Pokémon
|rule|OHKO Clause: OHKO moves are banned
|rule|Evasion Moves Clause: Evasion moves are banned
|rule|Endless Battle Clause: Forcing endless battles is banned
|rule|HP Percentage Mod: HP is shown in percentages
|clearpoke
|poke|p1|Clefable, F|
|poke|p1|Ferrothorn, M|
|poke|p1|Mandibuzz, F|
|poke|p1|Aegislash, F|
|poke|p1|Excadrill, M|
|poke|p1|Hippowdon, F|
|poke|p2|Mew|
|poke|p2|Bisharp, M|
|poke|p2|Aegislash, F|
|poke|p2|Cinderace, F|
|poke|p2|Diggersby, M|
|poke|p2|Gyarados, M|
|rule|Dynamax Clause: You cannot dynamax
|teampreview
|inactive|Battle timer is ON: inactive players will automatically lose when time's up. (requested by rhiqnru)
|
|start
|switch|p1a: Aegislash|Aegislash, F|100/100
|switch|p2a: Mew|Mew|100/100
|turn|1
|
|move|p2a: Mew|Spikes|p1a: Aegislash
|-sidestart|p1: Did judge|Spikes
|-formechange|p1a: Aegislash|Aegislash-Blade||[from] ability: Stance Change
|move|p1a: Aegislash|Shadow Ball|p2a: Mew
|-supereffective|p2a: Mew
|-enditem|p2a: Mew|Focus Sash
|-damage|p2a: Mew|1/100
|
|upkeep
|turn|2
|
|switch|p1a: Mandibuzz|Mandibuzz, F|100/100
|move|p2a: Mew|Stealth Rock|p1a: Mandibuzz
|-sidestart|p1: Did judge|move: Stealth Rock
|
|upkeep
|turn|3
|
|move|p2a: Mew|Taunt|p1a: Mandibuzz
|-start|p1a: Mandibuzz|move: Taunt
|cant|p1a: Mandibuzz|move: Taunt|Defog
|
|upkeep
|turn|4
|
|move|p2a: Mew|Self-Destruct|p1a: Mandibuzz
|-damage|p1a: Mandibuzz|68/100
|faint|p2a: Mew
|move|p1a: Mandibuzz|U-turn|p2: Mew|[notarget]
|-fail|p1a: Mandibuzz
|
|upkeep
|
|switch|p2a: Cinderace|Cinderace, F|100/100
|turn|5
|
|switch|p1a: Hippowdon|Hippowdon, F|100/100
|-damage|p1a: Hippowdon|94/100|[from] Stealth Rock
|-damage|p1a: Hippowdon|82/100|[from] Spikes
|-weather|Sandstorm|[from] ability: Sand Stream|[of] p1a: Hippowdon
|move|p2a: Cinderace|Pyro Ball|p1a: Hippowdon
|-damage|p1a: Hippowdon|53/100
|
|-weather|Sandstorm|[upkeep]
|-damage|p2a: Cinderace|95/100|[from] Sandstorm
|upkeep
|turn|6
|
|move|p2a: Cinderace|U-turn|p1a: Hippowdon
|-damage|p1a: Hippowdon|41/100
|
|switch|p2a: Aegislash|Aegislash, F|100/100|[from]move: U-turn
|-item|p2a: Aegislash|Air Balloon
|move|p1a: Hippowdon|Slack Off|p1a: Hippowdon
|-heal|p1a: Hippowdon|91/100
|
|-weather|Sandstorm|[upkeep]
|upkeep
|turn|7
|
|switch|p1a: Ferrothorn|Ferrothorn, M|100/100
|-damage|p1a: Ferrothorn|88/100|[from] Spikes
|-damage|p1a: Ferrothorn|82/100|[from] Stealth Rock
|move|p2a: Aegislash|Swords Dance|p2a: Aegislash
|-boost|p2a: Aegislash|atk|2
|
|-weather|Sandstorm|[upkeep]
|upkeep
|turn|8
|
|move|p2a: Aegislash|Swords Dance|p2a: Aegislash
|-boost|p2a: Aegislash|atk|2
|move|p1a: Ferrothorn|Leech Seed|p2a: Aegislash
|-start|p2a: Aegislash|move: Leech Seed
|
|-weather|Sandstorm|[upkeep]
|-damage|p2a: Aegislash|88/100|[from] Leech Seed|[of] p1a: Ferrothorn
|-heal|p1a: Ferrothorn|91/100|[silent]
|upkeep
|turn|9
|
|move|p2a: Aegislash|Swords Dance|p2a: Aegislash
|-boost|p2a: Aegislash|atk|2
|move|p1a: Ferrothorn|Stealth Rock|p2a: Aegislash
|-sidestart|p2: rhiqnru|move: Stealth Rock
|
|-weather|Sandstorm|[upkeep]
|-damage|p2a: Aegislash|76/100|[from] Leech Seed|[of] p1a: Ferrothorn
|-heal|p1a: Ferrothorn|100/100|[silent]
|upkeep
|turn|10
|
|-formechange|p2a: Aegislash|Aegislash-Blade||[from] ability: Stance Change
|move|p2a: Aegislash|Close Combat|p1a: Ferrothorn
|-supereffective|p1a: Ferrothorn
|-damage|p1a: Ferrothorn|0 fnt
|-damage|p2a: Aegislash|64/100|[from] ability: Iron Barbs|[of] p1a: Ferrothorn
|-damage|p2a: Aegislash|47/100|[from] item: Rocky Helmet|[of] p1a: Ferrothorn
|-unboost|p2a: Aegislash|def|1
|-unboost|p2a: Aegislash|spd|1
|faint|p1a: Ferrothorn
|
|-weather|Sandstorm|[upkeep]
|upkeep
|
|switch|p1a: Excadrill|Excadrill, M|100/100
|-damage|p1a: Excadrill|97/100|[from] Stealth Rock
|-damage|p1a: Excadrill|85/100|[from] Spikes
|turn|11
|
|move|p2a: Aegislash|Shadow Sneak|p1a: Excadrill
|-damage|p1a: Excadrill|0 fnt
|faint|p1a: Excadrill
|
|-weather|Sandstorm|[upkeep]
|upkeep
|
|switch|p1a: Aegislash|Aegislash, F|100/100
|-damage|p1a: Aegislash|88/100|[from] Spikes
|-damage|p1a: Aegislash|82/100|[from] Stealth Rock
|turn|12
|
|move|p2a: Aegislash|Shadow Sneak|p1a: Aegislash
|-supereffective|p1a: Aegislash
|-damage|p1a: Aegislash|0 fnt
|faint|p1a: Aegislash
|
|-weather|none
|upkeep
|-message|Did judge forfeited.
|
|win|rhiqnru
|l|☆Did judge
