|ScrapeTime|2020-01-01-21:59:00
|j|☆Squadfam96
|j|☆vinse_cycle
|player|p1|Squadfam96|1|1444
|player|p2|vinse_cycle|196|1453
|teamsize|p1|6
|teamsize|p2|6
|gametype|singles
|gen|8
|tier|[Gen 8] OU
|rated|
|rule|Sleep Clause Mod: Limit one foe put to sleep
|rule|Species Clause: Limit one of each Pokémon
|rule|OHKO Clause: OHKO moves are banned
|rule|Evasion Moves Clause: Evasion moves are banned
|rule|Endless Battle Clause: Forcing endless battles is banned
|rule|HP Percentage Mod: HP is shown in percentages
|clearpoke
|poke|p1|Frosmoth, F|
|poke|p1|Gyarados, M|
|poke|p1|Ferrothorn, F|
|poke|p1|Seismitoad, M|
|poke|p1|Rotom-Heat|
|poke|p1|Excadrill, M|
|poke|p2|Obstagoon, F|
|poke|p2|Hatterene, F|
|poke|p2|Toxapex, M|
|poke|p2|Conkeldurr, F|
|poke|p2|Dragapult, M|
|poke|p2|Seismitoad, F|
|rule|Dynamax Clause: You cannot dynamax
|teampreview
|inactive|Battle timer is ON: inactive players will automatically lose when time's up. (requested by vinse_cycle)
|inactive|vinse_cycle has 120 seconds left.
|
|start
|switch|p1a: Rotom|Rotom-Heat|100/100
|switch|p2a: Dragapult|Dragapult, M|100/100
|turn|1
|c|☆Squadfam96|Yo i have like an almost identical team
|c|☆vinse_cycle|lol nice
|c|☆Squadfam96|but I have corviknight instead of Toxapex
|c|☆Squadfam96|Hf
|c|☆vinse_cycle|you too
|
|move|p1a: Rotom|Thunder Wave|p2a: Dragapult
|-status|p2a: Dragapult|par
|move|p2a: Dragapult|Shadow Ball|p1a: Rotom
|-damage|p1a: Rotom|27/100
|
|upkeep
|turn|2
|inactive|Squadfam96 has 120 seconds left.
|
|switch|p1a: Ferrothorn|Ferrothorn, F|100/100
|move|p2a: Dragapult|Shadow Ball|p1a: Ferrothorn
|-damage|p1a: Ferrothorn|60/100
|
|-heal|p1a: Ferrothorn|66/100|[from] item: Leftovers
|upkeep
|turn|3
|inactive|Squadfam96 has 120 seconds left.
|l|☆Squadfam96
|inactive|Squadfam96 disconnected and has a minute to reconnect!
|player|p1|
|j|☆Squadfam96
|inactive|Squadfam96 reconnected and has 100 seconds left.
|player|p1|Squadfam96|1
|
|switch|p2a: Hatterene|Hatterene, F|100/100
|move|p1a: Ferrothorn|Gyro Ball|p2a: Hatterene
|-supereffective|p2a: Hatterene
|-damage|p2a: Hatterene|65/100
|
|-heal|p2a: Hatterene|71/100|[from] item: Leftovers
|-heal|p1a: Ferrothorn|72/100|[from] item: Leftovers
|upkeep
|turn|4
|
|switch|p1a: Rotom|Rotom-Heat|27/100
|move|p2a: Hatterene|Trick Room|p2a: Hatterene
|-fieldstart|move: Trick Room|[of] p2a: Hatterene
|
|-heal|p2a: Hatterene|77/100|[from] item: Leftovers
|upkeep
|turn|5
|
|move|p2a: Hatterene|Psychic|p1a: Rotom
|-damage|p1a: Rotom|0 fnt
|faint|p1a: Rotom
|
|-heal|p2a: Hatterene|83/100|[from] item: Leftovers
|upkeep
|
|switch|p1a: Excadrill|Excadrill, M|100/100
|-ability|p1a: Excadrill|Mold Breaker
|turn|6
|
|move|p2a: Hatterene|Mystical Fire|p1a: Excadrill
|-supereffective|p1a: Excadrill
|-damage|p1a: Excadrill|22/100
|-unboost|p1a: Excadrill|spa|1
|move|p1a: Excadrill|Iron Head|p2a: Hatterene
|-supereffective|p2a: Hatterene
|-damage|p2a: Hatterene|0 fnt
|faint|p2a: Hatterene
|
|upkeep
|
|switch|p2a: Conkeldurr|Conkeldurr, F|100/100
|turn|7
|inactive|Squadfam96 has 120 seconds left.
|
|switch|p1a: Gyarados|Gyarados, M|100/100
|move|p2a: Conkeldurr|Drain Punch|p1a: Gyarados
|-resisted|p1a: Gyarados
|-damage|p1a: Gyarados|72/100
|
|-heal|p1a: Gyarados|78/100|[from] item: Leftovers
|-status|p2a: Conkeldurr|brn|[from] item: Flame Orb
|upkeep
|turn|8
|
|switch|p1a: Ferrothorn|Ferrothorn, F|72/100
|move|p2a: Conkeldurr|Thunder Punch|p1a: Ferrothorn
|-resisted|p1a: Ferrothorn
|-damage|p1a: Ferrothorn|56/100
|-damage|p2a: Conkeldurr|88/100 brn|[from] ability: Iron Barbs|[of] p1a: Ferrothorn
|
|-heal|p1a: Ferrothorn|62/100|[from] item: Leftovers
|-damage|p2a: Conkeldurr|82/100 brn|[from] brn
|-fieldend|move: Trick Room
|upkeep
|turn|9
|
|switch|p1a: Gyarados|Gyarados, M|78/100
|move|p2a: Conkeldurr|Drain Punch|p1a: Gyarados
|-resisted|p1a: Gyarados
|-damage|p1a: Gyarados|39/100
|-heal|p2a: Conkeldurr|98/100 brn|[from] drain|[of] p1a: Gyarados
|
|-heal|p1a: Gyarados|45/100|[from] item: Leftovers
|-damage|p2a: Conkeldurr|92/100 brn|[from] brn
|upkeep
|turn|10
|
|move|p1a: Gyarados|Bounce||[still]
|-prepare|p1a: Gyarados|Bounce|p2a: Conkeldurr
|move|p2a: Conkeldurr|Drain Punch|p1a: Gyarados|[miss]
|-miss|p2a: Conkeldurr|p1a: Gyarados
|
|-heal|p1a: Gyarados|51/100|[from] item: Leftovers
|-damage|p2a: Conkeldurr|86/100 brn|[from] brn
|upkeep
|turn|11
|
|switch|p2a: Seismitoad|Seismitoad, F|100/100
|move|p1a: Gyarados|Bounce|p2a: Seismitoad|[from]lockedmove
|-damage|p2a: Seismitoad|72/100
|
|-heal|p1a: Gyarados|57/100|[from] item: Leftovers
|-heal|p2a: Seismitoad|78/100|[from] item: Leftovers
|upkeep
|turn|12
|
|move|p1a: Gyarados|Substitute|p1a: Gyarados
|-start|p1a: Gyarados|Substitute
|-damage|p1a: Gyarados|32/100
|move|p2a: Seismitoad|Toxic|p1a: Gyarados|[miss]
|-miss|p2a: Seismitoad|p1a: Gyarados
|
|-heal|p1a: Gyarados|38/100|[from] item: Leftovers
|-heal|p2a: Seismitoad|84/100|[from] item: Leftovers
|upkeep
|turn|13
|
|switch|p2a: Dragapult|Dragapult, M|100/100 par
|move|p1a: Gyarados|Dragon Dance|p1a: Gyarados
|-boost|p1a: Gyarados|atk|1
|-boost|p1a: Gyarados|spe|1
|
|-heal|p1a: Gyarados|44/100|[from] item: Leftovers
|upkeep
|turn|14
|
|move|p1a: Gyarados|Dragon Dance|p1a: Gyarados
|-boost|p1a: Gyarados|atk|1
|-boost|p1a: Gyarados|spe|1
|move|p2a: Dragapult|Draco Meteor|p1a: Gyarados
|-damage|p1a: Gyarados|0 fnt
|-unboost|p2a: Dragapult|spa|2
|faint|p1a: Gyarados
|
|upkeep
|
|switch|p1a: Frosmoth|Frosmoth, F|100/100
|turn|15
|
|switch|p2a: Conkeldurr|Conkeldurr, F|86/100 brn
|move|p1a: Frosmoth|Quiver Dance|p1a: Frosmoth
|-boost|p1a: Frosmoth|spa|1
|-boost|p1a: Frosmoth|spd|1
|-boost|p1a: Frosmoth|spe|1
|
|-damage|p2a: Conkeldurr|80/100 brn|[from] brn
|upkeep
|turn|16
|
|move|p1a: Frosmoth|Ice Beam|p2a: Conkeldurr
|-damage|p2a: Conkeldurr|7/100 brn
|move|p2a: Conkeldurr|Drain Punch|p1a: Frosmoth
|-damage|p1a: Frosmoth|0 fnt
|-heal|p2a: Conkeldurr|41/100 brn|[from] drain|[of] p1a: Frosmoth
|faint|p1a: Frosmoth
|
|-damage|p2a: Conkeldurr|35/100 brn|[from] brn
|upkeep
|inactive|Squadfam96 has 120 seconds left.
|
|switch|p1a: Seismitoad|Seismitoad, M|100/100
|turn|17
|
|switch|p2a: Seismitoad|Seismitoad, F|84/100
|move|p1a: Seismitoad|Earthquake|p2a: Seismitoad
|-damage|p2a: Seismitoad|62/100
|
|-heal|p2a: Seismitoad|68/100|[from] item: Leftovers
|upkeep
|turn|18
|inactive|Squadfam96 has 120 seconds left.
|
|switch|p1a: Ferrothorn|Ferrothorn, F|62/100
|move|p2a: Seismitoad|Toxic|p1a: Ferrothorn
|-immune|p1a: Ferrothorn
|
|-heal|p2a: Seismitoad|74/100|[from] item: Leftovers
|-heal|p1a: Ferrothorn|69/100|[from] item: Leftovers
|upkeep
|turn|19
|
|switch|p2a: Dragapult|Dragapult, M|100/100 par
|move|p1a: Ferrothorn|Spikes|p2a: Dragapult
|-sidestart|p2: vinse_cycle|Spikes
|
|-heal|p1a: Ferrothorn|75/100|[from] item: Leftovers
|upkeep
|turn|20
|
|move|p1a: Ferrothorn|Protect|p1a: Ferrothorn
|-singleturn|p1a: Ferrothorn|Protect
|move|p2a: Dragapult|U-turn|p1a: Ferrothorn
|-activate|p1a: Ferrothorn|move: Protect
|
|-heal|p1a: Ferrothorn|81/100|[from] item: Leftovers
|upkeep
|turn|21
|
|move|p2a: Dragapult|U-turn|p1a: Ferrothorn
|-damage|p1a: Ferrothorn|70/100
|-damage|p2a: Dragapult|88/100 par|[from] ability: Iron Barbs|[of] p1a: Ferrothorn
|
|switch|p2a: Toxapex|Toxapex, M|100/100|[from]move: U-turn
|-damage|p2a: Toxapex|88/100|[from] Spikes
|move|p1a: Ferrothorn|Leech Seed|p2a: Toxapex
|-start|p2a: Toxapex|move: Leech Seed
|
|-heal|p2a: Toxapex|94/100|[from] item: Black Sludge
|-heal|p1a: Ferrothorn|76/100|[from] item: Leftovers
|-damage|p2a: Toxapex|82/100|[from] Leech Seed|[of] p1a: Ferrothorn
|-heal|p1a: Ferrothorn|87/100|[silent]
|upkeep
|turn|22
|
|move|p2a: Toxapex|Scald|p1a: Ferrothorn
|-resisted|p1a: Ferrothorn
|-damage|p1a: Ferrothorn|81/100
|move|p1a: Ferrothorn|Spikes|p2a: Toxapex
|-sidestart|p2: vinse_cycle|Spikes
|
|-heal|p2a: Toxapex|88/100|[from] item: Black Sludge
|-heal|p1a: Ferrothorn|87/100|[from] item: Leftovers
|-damage|p2a: Toxapex|75/100|[from] Leech Seed|[of] p1a: Ferrothorn
|-heal|p1a: Ferrothorn|98/100|[silent]
|upkeep
|turn|23
|inactive|vinse_cycle has 120 seconds left.
|
|move|p2a: Toxapex|Toxic Spikes|p1a: Ferrothorn
|-sidestart|p1: Squadfam96|move: Toxic Spikes
|move|p1a: Ferrothorn|Spikes|p2a: Toxapex
|-sidestart|p2: vinse_cycle|Spikes
|
|-heal|p2a: Toxapex|82/100|[from] item: Black Sludge
|-heal|p1a: Ferrothorn|100/100|[from] item: Leftovers
|-damage|p2a: Toxapex|69/100|[from] Leech Seed|[of] p1a: Ferrothorn
|upkeep
|turn|24
|inactive|vinse_cycle has 120 seconds left.
|
|switch|p2a: Dragapult|Dragapult, M|88/100 par
|-damage|p2a: Dragapult|63/100 par|[from] Spikes
|switch|p1a: Excadrill|Excadrill, M|22/100
|-ability|p1a: Excadrill|Mold Breaker
|
|upkeep
|turn|25
|inactive|vinse_cycle has 120 seconds left.
|
|switch|p1a: Seismitoad|Seismitoad, M|100/100
|-status|p1a: Seismitoad|psn
|move|p2a: Dragapult|Shadow Ball|p1a: Seismitoad
|-damage|p1a: Seismitoad|46/100 psn
|
|-heal|p1a: Seismitoad|52/100 psn|[from] item: Leftovers
|-damage|p1a: Seismitoad|40/100 psn|[from] psn
|upkeep
|turn|26
|inactive|vinse_cycle has 120 seconds left.
|
|move|p2a: Dragapult|Shadow Ball|p1a: Seismitoad
|-damage|p1a: Seismitoad|0 fnt
|faint|p1a: Seismitoad
|
|upkeep
|
|switch|p1a: Ferrothorn|Ferrothorn, F|100/100
|turn|27
|
|switch|p2a: Toxapex|Toxapex, M|100/100
|-damage|p2a: Toxapex|75/100|[from] Spikes
|move|p1a: Ferrothorn|Gyro Ball|p2a: Toxapex
|-resisted|p2a: Toxapex
|-damage|p2a: Toxapex|68/100
|
|-heal|p2a: Toxapex|74/100|[from] item: Black Sludge
|upkeep
|turn|28
|
|move|p2a: Toxapex|Scald|p1a: Ferrothorn
|-resisted|p1a: Ferrothorn
|-damage|p1a: Ferrothorn|94/100
|move|p1a: Ferrothorn|Leech Seed|p2a: Toxapex
|-start|p2a: Toxapex|move: Leech Seed
|
|-heal|p2a: Toxapex|80/100|[from] item: Black Sludge
|-heal|p1a: Ferrothorn|100/100|[from] item: Leftovers
|-damage|p2a: Toxapex|68/100|[from] Leech Seed|[of] p1a: Ferrothorn
|upkeep
|turn|29
|
|move|p2a: Toxapex|Scald|p1a: Ferrothorn
|-resisted|p1a: Ferrothorn
|-damage|p1a: Ferrothorn|95/100
|move|p1a: Ferrothorn|Leech Seed||[still]
|-fail|p1a: Ferrothorn
|
|-heal|p2a: Toxapex|74/100|[from] item: Black Sludge
|-heal|p1a: Ferrothorn|100/100|[from] item: Leftovers
|-damage|p2a: Toxapex|62/100|[from] Leech Seed|[of] p1a: Ferrothorn
|upkeep
|turn|30
|
|move|p2a: Toxapex|Scald|p1a: Ferrothorn
|-resisted|p1a: Ferrothorn
|-damage|p1a: Ferrothorn|94/100
|move|p1a: Ferrothorn|Gyro Ball|p2a: Toxapex
|-resisted|p2a: Toxapex
|-damage|p2a: Toxapex|54/100
|
|-heal|p2a: Toxapex|60/100|[from] item: Black Sludge
|-heal|p1a: Ferrothorn|100/100|[from] item: Leftovers
|-damage|p2a: Toxapex|48/100|[from] Leech Seed|[of] p1a: Ferrothorn
|upkeep
|turn|31
|
|move|p1a: Ferrothorn|Protect|p1a: Ferrothorn
|-singleturn|p1a: Ferrothorn|Protect
|move|p2a: Toxapex|Scald|p1a: Ferrothorn
|-activate|p1a: Ferrothorn|move: Protect
|
|-heal|p2a: Toxapex|54/100|[from] item: Black Sludge
|-damage|p2a: Toxapex|42/100|[from] Leech Seed|[of] p1a: Ferrothorn
|upkeep
|turn|32
|
|move|p2a: Toxapex|Scald|p1a: Ferrothorn
|-resisted|p1a: Ferrothorn
|-crit|p1a: Ferrothorn
|-damage|p1a: Ferrothorn|91/100
|-status|p1a: Ferrothorn|brn
|move|p1a: Ferrothorn|Gyro Ball|p2a: Toxapex
|-resisted|p2a: Toxapex
|-damage|p2a: Toxapex|38/100
|
|-heal|p2a: Toxapex|45/100|[from] item: Black Sludge
|-heal|p1a: Ferrothorn|97/100 brn|[from] item: Leftovers
|-damage|p2a: Toxapex|32/100|[from] Leech Seed|[of] p1a: Ferrothorn
|-heal|p1a: Ferrothorn|100/100 brn|[silent]
|-damage|p1a: Ferrothorn|94/100 brn|[from] brn
|upkeep
|turn|33
|
|move|p2a: Toxapex|Recover|p2a: Toxapex
|-heal|p2a: Toxapex|82/100
|move|p1a: Ferrothorn|Leech Seed||[still]
|-fail|p1a: Ferrothorn
|
|-heal|p2a: Toxapex|88/100|[from] item: Black Sludge
|-heal|p1a: Ferrothorn|100/100 brn|[from] item: Leftovers
|-damage|p2a: Toxapex|76/100|[from] Leech Seed|[of] p1a: Ferrothorn
|-damage|p1a: Ferrothorn|94/100 brn|[from] brn
|upkeep
|turn|34
|
|move|p2a: Toxapex|Scald|p1a: Ferrothorn
|-resisted|p1a: Ferrothorn
|-damage|p1a: Ferrothorn|88/100 brn
|move|p1a: Ferrothorn|Gyro Ball|p2a: Toxapex
|-resisted|p2a: Toxapex
|-damage|p2a: Toxapex|72/100
|
|-heal|p2a: Toxapex|78/100|[from] item: Black Sludge
|-heal|p1a: Ferrothorn|94/100 brn|[from] item: Leftovers
|-damage|p2a: Toxapex|66/100|[from] Leech Seed|[of] p1a: Ferrothorn
|-heal|p1a: Ferrothorn|100/100 brn|[silent]
|-damage|p1a: Ferrothorn|94/100 brn|[from] brn
|upkeep
|turn|35
|
|move|p2a: Toxapex|Scald|p1a: Ferrothorn
|-resisted|p1a: Ferrothorn
|-damage|p1a: Ferrothorn|89/100 brn
|move|p1a: Ferrothorn|Gyro Ball|p2a: Toxapex
|-resisted|p2a: Toxapex
|-damage|p2a: Toxapex|62/100
|
|-heal|p2a: Toxapex|69/100|[from] item: Black Sludge
|-heal|p1a: Ferrothorn|95/100 brn|[from] item: Leftovers
|-damage|p2a: Toxapex|56/100|[from] Leech Seed|[of] p1a: Ferrothorn
|-heal|p1a: Ferrothorn|100/100 brn|[silent]
|-damage|p1a: Ferrothorn|94/100 brn|[from] brn
|upkeep
|turn|36
|
|move|p2a: Toxapex|Recover|p2a: Toxapex
|-heal|p2a: Toxapex|100/100
|move|p1a: Ferrothorn|Gyro Ball|p2a: Toxapex
|-resisted|p2a: Toxapex
|-damage|p2a: Toxapex|97/100
|
|-heal|p2a: Toxapex|100/100|[from] item: Black Sludge
|-heal|p1a: Ferrothorn|100/100 brn|[from] item: Leftovers
|-damage|p2a: Toxapex|88/100|[from] Leech Seed|[of] p1a: Ferrothorn
|-damage|p1a: Ferrothorn|94/100 brn|[from] brn
|upkeep
|turn|37
|
|switch|p2a: Seismitoad|Seismitoad, F|74/100
|-damage|p2a: Seismitoad|49/100|[from] Spikes
|move|p1a: Ferrothorn|Protect||[still]
|-fail|p1a: Ferrothorn
|
|-heal|p2a: Seismitoad|55/100|[from] item: Leftovers
|-heal|p1a: Ferrothorn|100/100 brn|[from] item: Leftovers
|-damage|p1a: Ferrothorn|94/100 brn|[from] brn
|upkeep
|turn|38
|
|switch|p2a: Toxapex|Toxapex, M|100/100
|-damage|p2a: Toxapex|75/100|[from] Spikes
|move|p1a: Ferrothorn|Leech Seed|p2a: Toxapex
|-start|p2a: Toxapex|move: Leech Seed
|
|-heal|p2a: Toxapex|82/100|[from] item: Black Sludge
|-heal|p1a: Ferrothorn|100/100 brn|[from] item: Leftovers
|-damage|p2a: Toxapex|69/100|[from] Leech Seed|[of] p1a: Ferrothorn
|-damage|p1a: Ferrothorn|94/100 brn|[from] brn
|upkeep
|turn|39
|
|move|p2a: Toxapex|Scald|p1a: Ferrothorn
|-resisted|p1a: Ferrothorn
|-damage|p1a: Ferrothorn|88/100 brn
|move|p1a: Ferrothorn|Gyro Ball|p2a: Toxapex
|-resisted|p2a: Toxapex
|-crit|p2a: Toxapex
|-damage|p2a: Toxapex|64/100
|
|-heal|p2a: Toxapex|70/100|[from] item: Black Sludge
|-heal|p1a: Ferrothorn|94/100 brn|[from] item: Leftovers
|-damage|p2a: Toxapex|58/100|[from] Leech Seed|[of] p1a: Ferrothorn
|-heal|p1a: Ferrothorn|100/100 brn|[silent]
|-damage|p1a: Ferrothorn|94/100 brn|[from] brn
|upkeep
|turn|40
|
|switch|p2a: Seismitoad|Seismitoad, F|55/100
|-damage|p2a: Seismitoad|30/100|[from] Spikes
|move|p1a: Ferrothorn|Protect||[still]
|-fail|p1a: Ferrothorn
|
|-heal|p2a: Seismitoad|36/100|[from] item: Leftovers
|-heal|p1a: Ferrothorn|100/100 brn|[from] item: Leftovers
|-damage|p1a: Ferrothorn|94/100 brn|[from] brn
|upkeep
|turn|41
|
|move|p2a: Seismitoad|Earthquake|p1a: Ferrothorn
|-damage|p1a: Ferrothorn|71/100 brn
|move|p1a: Ferrothorn|Leech Seed|p2a: Seismitoad
|-start|p2a: Seismitoad|move: Leech Seed
|
|-heal|p2a: Seismitoad|43/100|[from] item: Leftovers
|-heal|p1a: Ferrothorn|77/100 brn|[from] item: Leftovers
|-damage|p2a: Seismitoad|30/100|[from] Leech Seed|[of] p1a: Ferrothorn
|-heal|p1a: Ferrothorn|92/100 brn|[silent]
|-damage|p1a: Ferrothorn|85/100 brn|[from] brn
|upkeep
|turn|42
|
|move|p2a: Seismitoad|Earthquake|p1a: Ferrothorn
|-damage|p1a: Ferrothorn|63/100 brn
|move|p1a: Ferrothorn|Leech Seed||[still]
|-fail|p1a: Ferrothorn
|
|-heal|p2a: Seismitoad|36/100|[from] item: Leftovers
|-heal|p1a: Ferrothorn|69/100 brn|[from] item: Leftovers
|-damage|p2a: Seismitoad|24/100|[from] Leech Seed|[of] p1a: Ferrothorn
|-heal|p1a: Ferrothorn|84/100 brn|[silent]
|-damage|p1a: Ferrothorn|77/100 brn|[from] brn
|upkeep
|turn|43
|
|switch|p2a: Toxapex|Toxapex, M|91/100
|-damage|p2a: Toxapex|66/100|[from] Spikes
|move|p1a: Ferrothorn|Spikes||[still]
|-fail|p1a: Ferrothorn
|
|-heal|p2a: Toxapex|72/100|[from] item: Black Sludge
|-heal|p1a: Ferrothorn|84/100 brn|[from] item: Leftovers
|-damage|p1a: Ferrothorn|77/100 brn|[from] brn
|upkeep
|turn|44
|
|switch|p2a: Seismitoad|Seismitoad, F|24/100
|-damage|p2a: Seismitoad|0 fnt|[from] Spikes
|faint|p2a: Seismitoad
|move|p1a: Ferrothorn|Leech Seed|p2: Seismitoad|[notarget]
|-fail|p1a: Ferrothorn
|
|-heal|p1a: Ferrothorn|84/100 brn|[from] item: Leftovers
|-damage|p1a: Ferrothorn|77/100 brn|[from] brn
|upkeep
|
|switch|p2a: Dragapult|Dragapult, M|63/100 par
|-damage|p2a: Dragapult|38/100 par|[from] Spikes
|turn|45
|
|move|p1a: Ferrothorn|Protect|p1a: Ferrothorn
|-singleturn|p1a: Ferrothorn|Protect
|move|p2a: Dragapult|Flamethrower|p1a: Ferrothorn
|-activate|p1a: Ferrothorn|move: Protect
|
|-heal|p1a: Ferrothorn|84/100 brn|[from] item: Leftovers
|-damage|p1a: Ferrothorn|77/100 brn|[from] brn
|upkeep
|turn|46
|
|move|p2a: Dragapult|Flamethrower|p1a: Ferrothorn
|-supereffective|p1a: Ferrothorn
|-damage|p1a: Ferrothorn|0 fnt
|faint|p1a: Ferrothorn
|
|upkeep
|
|switch|p1a: Excadrill|Excadrill, M|22/100
|-ability|p1a: Excadrill|Mold Breaker
|turn|47
|
|move|p1a: Excadrill|Earthquake|p2a: Dragapult
|-crit|p2a: Dragapult
|-damage|p2a: Dragapult|0 fnt
|faint|p2a: Dragapult
|
|upkeep
|
|switch|p2a: Conkeldurr|Conkeldurr, F|35/100 brn
|-damage|p2a: Conkeldurr|10/100 brn|[from] Spikes
|turn|48
|c|☆vinse_cycle|gg
|
|move|p2a: Conkeldurr|Mach Punch|p1a: Excadrill
|-supereffective|p1a: Excadrill
|-damage|p1a: Excadrill|0 fnt
|faint|p1a: Excadrill
|
|win|vinse_cycle
|c|☆Squadfam96|Gg
|l|☆Squadfam96
|raw|Squadfam96's rating: 1461 → 1442(-19 for losing)
|raw|vinse_cycle's rating: 1475 → 1494(+19 for winning)
|l|☆vinse_cycle
|j|☆vinse_cycle
|player|p2|vinse_cycle|196
