|ScrapeTime|2020-01-01-07:34:36
|j|☆Snippyro
|j|☆Emorawr79
|player|p1|Snippyro|hilbert-dueldisk|1426
|player|p2|Emorawr79|266|1490
|teamsize|p1|6
|teamsize|p2|6
|gametype|singles
|gen|8
|tier|[Gen 8] OU
|rated|
|rule|Sleep Clause Mod: Limit one foe put to sleep
|rule|Species Clause: Limit one of each Pokémon
|rule|OHKO Clause: OHKO moves are banned
|rule|Evasion Moves Clause: Evasion moves are banned
|rule|Endless Battle Clause: Forcing endless battles is banned
|rule|HP Percentage Mod: HP is shown in percentages
|clearpoke
|poke|p1|Dracovish|
|poke|p1|Galvantula, M|
|poke|p1|Excadrill, F|
|poke|p1|Hatterene, F|
|poke|p1|Ferrothorn, M|
|poke|p1|Aegislash, F|
|poke|p2|Pelipper, M|
|poke|p2|Seismitoad, F|
|poke|p2|Barraskewda, M|
|poke|p2|Indeedee, M|
|poke|p2|Hawlucha, F|
|poke|p2|Conkeldurr, F|
|rule|Dynamax Clause: You cannot dynamax
|teampreview
|c|☆Snippyro|glhf
|inactive|Battle timer is ON: inactive players will automatically lose when time's up. (requested by Snippyro)
|inactive|Emorawr79 has 120 seconds left.
|
|start
|switch|p1a: PeterSparker|Galvantula, M|100/100
|switch|p2a: Indeedee|Indeedee, M|100/100
|-fieldstart|move: Psychic Terrain|[from] ability: Psychic Surge|[of] p2a: Indeedee
|turn|1
|
|move|p1a: PeterSparker|Sticky Web|p2a: Indeedee
|-sidestart|p2: Emorawr79|move: Sticky Web
|move|p2a: Indeedee|Psyshock|p1a: PeterSparker
|-enditem|p1a: PeterSparker|Focus Sash
|-damage|p1a: PeterSparker|1/100
|-damage|p2a: Indeedee|91/100|[from] item: Life Orb
|
|upkeep
|turn|2
|
|move|p1a: PeterSparker|Bug Buzz|p2a: Indeedee
|-supereffective|p2a: Indeedee
|-crit|p2a: Indeedee
|-damage|p2a: Indeedee|0 fnt
|faint|p2a: Indeedee
|
|upkeep
|
|switch|p2a: Hawlucha|Hawlucha, F|100/100
|-enditem|p2a: Hawlucha|Psychic Seed
|-boost|p2a: Hawlucha|spd|1
|turn|3
|
|switch|p1a: Spiky|Ferrothorn, M, shiny|100/100
|move|p2a: Hawlucha|Acrobatics|p1a: Spiky
|-damage|p1a: Spiky|72/100
|-damage|p2a: Hawlucha|88/100|[from] ability: Iron Barbs|[of] p1a: Spiky
|-damage|p2a: Hawlucha|72/100|[from] item: Rocky Helmet|[of] p1a: Spiky
|
|upkeep
|turn|4
|
|move|p2a: Hawlucha|Swords Dance|p2a: Hawlucha
|-boost|p2a: Hawlucha|atk|2
|move|p1a: Spiky|Leech Seed|p2a: Hawlucha
|-start|p2a: Hawlucha|move: Leech Seed
|
|-damage|p2a: Hawlucha|59/100|[from] Leech Seed|[of] p1a: Spiky
|-heal|p1a: Spiky|83/100|[silent]
|upkeep
|turn|5
|
|move|p2a: Hawlucha|Acrobatics|p1a: Spiky
|-damage|p1a: Spiky|21/100
|-damage|p2a: Hawlucha|47/100|[from] ability: Iron Barbs|[of] p1a: Spiky
|-damage|p2a: Hawlucha|31/100|[from] item: Rocky Helmet|[of] p1a: Spiky
|move|p1a: Spiky|Gyro Ball|p2a: Hawlucha
|-damage|p2a: Hawlucha|0 fnt
|faint|p2a: Hawlucha
|
|-fieldend|move: Psychic Terrain
|upkeep
|
|switch|p2a: Pelipper|Pelipper, M|100/100
|-weather|RainDance|[from] ability: Drizzle|[of] p2a: Pelipper
|turn|6
|
|move|p2a: Pelipper|Hurricane|p1a: Spiky
|-damage|p1a: Spiky|0 fnt
|faint|p1a: Spiky
|
|-weather|RainDance|[upkeep]
|upkeep
|
|switch|p1a: PeterSparker|Galvantula, M|1/100
|turn|7
|
|switch|p2a: Seismitoad|Seismitoad, F|100/100
|-activate|p2a: Seismitoad|move: Sticky Web
|-unboost|p2a: Seismitoad|spe|1
|move|p1a: PeterSparker|Thunder|p2a: Seismitoad
|-immune|p2a: Seismitoad
|
|-weather|RainDance|[upkeep]
|upkeep
|turn|8
|
|switch|p1a: Hatterene|Hatterene, F, shiny|100/100
|move|p2a: Seismitoad|Earthquake|p1a: Hatterene
|-crit|p1a: Hatterene
|-damage|p1a: Hatterene|0 fnt
|-damage|p2a: Seismitoad|91/100|[from] item: Life Orb
|faint|p1a: Hatterene
|
|-weather|RainDance|[upkeep]
|upkeep
|c|☆Snippyro|ooof
|
|switch|p1a: PeterSparker|Galvantula, M|1/100
|turn|9
|
|move|p1a: PeterSparker|Energy Ball|p2a: Seismitoad
|-supereffective|p2a: Seismitoad
|-damage|p2a: Seismitoad|0 fnt
|faint|p2a: Seismitoad
|
|-weather|RainDance|[upkeep]
|upkeep
|
|switch|p2a: Barraskewda|Barraskewda, M|100/100
|-activate|p2a: Barraskewda|move: Sticky Web
|-unboost|p2a: Barraskewda|spe|1
|turn|10
|
|switch|p1a: Digmon|Excadrill, F|100/100
|-ability|p1a: Digmon|Mold Breaker
|-item|p1a: Digmon|Air Balloon
|move|p2a: Barraskewda|Waterfall|p1a: Digmon
|-supereffective|p1a: Digmon
|-damage|p1a: Digmon|0 fnt
|-enditem|p1a: Digmon|Air Balloon
|faint|p1a: Digmon
|
|-weather|RainDance|[upkeep]
|upkeep
|
|switch|p1a: Nightblood|Aegislash, F, shiny|100/100
|turn|11
|
|move|p1a: Nightblood|King's Shield|p1a: Nightblood
|-singleturn|p1a: Nightblood|Protect
|move|p2a: Barraskewda|Waterfall|p1a: Nightblood
|-activate|p1a: Nightblood|move: Protect
|-unboost|p2a: Barraskewda|atk|1
|
|-weather|RainDance|[upkeep]
|upkeep
|turn|12
|
|move|p2a: Barraskewda|Waterfall|p1a: Nightblood
|-damage|p1a: Nightblood|52/100
|-formechange|p1a: Nightblood|Aegislash-Blade||[from] ability: Stance Change
|move|p1a: Nightblood|Shadow Ball|p2a: Barraskewda
|-damage|p2a: Barraskewda|5/100
|
|-weather|RainDance|[upkeep]
|upkeep
|turn|13
|
|move|p1a: Nightblood|Shadow Sneak|p2a: Barraskewda
|-damage|p2a: Barraskewda|0 fnt
|faint|p2a: Barraskewda
|
|-weather|none
|upkeep
|
|switch|p2a: Pelipper|Pelipper, M|100/100
|-weather|RainDance|[from] ability: Drizzle|[of] p2a: Pelipper
|turn|14
|
|-formechange|p1a: Nightblood|Aegislash||[from] ability: Stance Change
|move|p1a: Nightblood|King's Shield|p1a: Nightblood
|-singleturn|p1a: Nightblood|Protect
|move|p2a: Pelipper|Scald|p1a: Nightblood
|-activate|p1a: Nightblood|move: Protect
|
|-weather|RainDance|[upkeep]
|upkeep
|turn|15
|
|move|p2a: Pelipper|Scald|p1a: Nightblood
|-damage|p1a: Nightblood|7/100
|-formechange|p1a: Nightblood|Aegislash-Blade||[from] ability: Stance Change
|move|p1a: Nightblood|Shadow Ball|p2a: Pelipper
|-damage|p2a: Pelipper|24/100
|
|-weather|RainDance|[upkeep]
|upkeep
|turn|16
|
|move|p1a: Nightblood|Shadow Sneak|p2a: Pelipper
|-damage|p2a: Pelipper|0 fnt
|faint|p2a: Pelipper
|
|-weather|RainDance|[upkeep]
|upkeep
|
|switch|p2a: Conkeldurr|Conkeldurr, F|100/100
|-activate|p2a: Conkeldurr|move: Sticky Web
|-unboost|p2a: Conkeldurr|spe|1
|turn|17
|
|move|p1a: Nightblood|Shadow Sneak|p2a: Conkeldurr
|-damage|p2a: Conkeldurr|80/100
|move|p2a: Conkeldurr|Earthquake|p1a: Nightblood
|-supereffective|p1a: Nightblood
|-damage|p1a: Nightblood|0 fnt
|faint|p1a: Nightblood
|
|-weather|RainDance|[upkeep]
|-status|p2a: Conkeldurr|brn|[from] item: Flame Orb
|upkeep
|
|switch|p1a: Vishious|Dracovish, shiny|100/100
|turn|18
|
|move|p2a: Conkeldurr|Mach Punch|p1a: Vishious
|-damage|p1a: Vishious|63/100
|move|p1a: Vishious|Fishious Rend|p2a: Conkeldurr
|-damage|p2a: Conkeldurr|0 fnt
|faint|p2a: Conkeldurr
|
|win|Snippyro
|raw|Snippyro's rating: 1426 → 1450(+24 for winning)
|raw|Emorawr79's rating: 1490 → 1466(-24 for losing)
|c|☆Snippyro|gg
|l|☆Emorawr79
