|ScrapeTime|2020-01-03-01:38:47
|j|☆Charmalane
|j|☆through the desert
|player|p1|Charmalane|92|1554
|player|p2|through the desert|hilbert|1507
|teamsize|p1|6
|teamsize|p2|6
|gametype|singles
|gen|8
|tier|[Gen 8] OU
|rated|
|rule|Sleep Clause Mod: Limit one foe put to sleep
|rule|Species Clause: Limit one of each Pokémon
|rule|OHKO Clause: OHKO moves are banned
|rule|Evasion Moves Clause: Evasion moves are banned
|rule|Endless Battle Clause: Forcing endless battles is banned
|rule|HP Percentage Mod: HP is shown in percentages
|clearpoke
|poke|p1|Milotic, F|
|poke|p1|Ditto|
|poke|p1|Bisharp, F|
|poke|p1|Dragapult, M|
|poke|p1|Ferrothorn, M|
|poke|p1|Claydol|
|poke|p2|Hatterene, F|
|poke|p2|Mandibuzz, F|
|poke|p2|Seismitoad, F|
|poke|p2|Aegislash, M|
|poke|p2|Rotom-Heat|
|poke|p2|Weavile, F|
|rule|Dynamax Clause: You cannot dynamax
|teampreview
|
|start
|switch|p1a: Kat Kraydel|Claydol|100/100
|switch|p2a: Seismitoad|Seismitoad, F|100/100
|turn|1
|
|move|p1a: Kat Kraydel|Stealth Rock|p2a: Seismitoad
|-sidestart|p2: through the desert|move: Stealth Rock
|move|p2a: Seismitoad|Scald|p1a: Kat Kraydel
|-supereffective|p1a: Kat Kraydel
|-damage|p1a: Kat Kraydel|59/100
|
|upkeep
|turn|2
|
|move|p2a: Seismitoad|Scald|p1a: Kat Kraydel
|-supereffective|p1a: Kat Kraydel
|-damage|p1a: Kat Kraydel|16/100
|-enditem|p1a: Kat Kraydel|Sitrus Berry|[eat]
|-heal|p1a: Kat Kraydel|41/100|[from] item: Sitrus Berry
|move|p1a: Kat Kraydel|Teleport|p1a: Kat Kraydel
|
|switch|p1a: Kalle Demos|Ferrothorn, M|100/100|[from]move: Teleport
|
|upkeep
|turn|3
|
|switch|p2a: Mandibuzz|Mandibuzz, F|100/100
|move|p1a: Kalle Demos|Leech Seed|p2a: Mandibuzz
|-start|p2a: Mandibuzz|move: Leech Seed
|
|-damage|p2a: Mandibuzz|88/100|[from] Leech Seed|[of] p1a: Kalle Demos
|upkeep
|turn|4
|
|switch|p1a: Mizu|Milotic, F|100/100
|move|p2a: Mandibuzz|Defog|p1a: Mizu
|-unboost|p1a: Mizu|evasion|1
|-ability|p1a: Mizu|Competitive
|-boost|p1a: Mizu|spa|2
|-sideend|p2: through the desert|Stealth Rock|[from] move: Defog|[of] p2a: Mandibuzz
|
|-damage|p2a: Mandibuzz|75/100|[from] Leech Seed|[of] p1a: Mizu
|upkeep
|turn|5
|
|switch|p2a: Rotom|Rotom-Heat|100/100
|move|p1a: Mizu|Ice Beam|p2a: Rotom
|-resisted|p2a: Rotom
|-damage|p2a: Rotom|80/100
|
|-heal|p2a: Rotom|87/100|[from] item: Leftovers
|upkeep
|turn|6
|
|switch|p1a: Kat Kraydel|Claydol|41/100
|move|p2a: Rotom|Volt Switch|p1a: Kat Kraydel
|-immune|p1a: Kat Kraydel
|
|-heal|p2a: Rotom|93/100|[from] item: Leftovers
|upkeep
|turn|7
|
|switch|p2a: Mandibuzz|Mandibuzz, F|75/100
|move|p1a: Kat Kraydel|Stealth Rock|p2a: Mandibuzz
|-sidestart|p2: through the desert|move: Stealth Rock
|
|upkeep
|turn|8
|
|switch|p1a: Mizu|Milotic, F|100/100
|move|p2a: Mandibuzz|Defog|p1a: Mizu
|-unboost|p1a: Mizu|evasion|1
|-ability|p1a: Mizu|Competitive
|-boost|p1a: Mizu|spa|2
|-sideend|p2: through the desert|Stealth Rock|[from] move: Defog|[of] p2a: Mandibuzz
|
|upkeep
|turn|9
|
|move|p1a: Mizu|Scald|p2a: Mandibuzz
|-damage|p2a: Mandibuzz|40/100
|move|p2a: Mandibuzz|Knock Off|p1a: Mizu
|-damage|p1a: Mizu|81/100
|-enditem|p1a: Mizu|Leftovers|[from] move: Knock Off|[of] p2a: Mandibuzz
|
|upkeep
|turn|10
|
|switch|p2a: Rotom|Rotom-Heat|93/100
|move|p1a: Mizu|Scald|p2a: Rotom
|-supereffective|p2a: Rotom
|-damage|p2a: Rotom|0 fnt
|faint|p2a: Rotom
|
|upkeep
|-message|through the desert forfeited.
|
|win|Charmalane
|l|☆through the desert
|raw|Charmalane's rating: 1534 → 1552(+18 for winning)
|raw|through the desert's rating: 1492 → 1474(-18 for losing)
