|ScrapeTime|2020-01-01-18:04:29
|j|☆Maxft
|j|☆hhjuyg
|player|p1|Maxft|102|1000
|player|p2|hhjuyg|1|1000
|teamsize|p1|6
|teamsize|p2|6
|gametype|singles
|gen|8
|tier|[Gen 8] OU
|rated|
|rule|Sleep Clause Mod: Limit one foe put to sleep
|rule|Species Clause: Limit one of each Pokémon
|rule|OHKO Clause: OHKO moves are banned
|rule|Evasion Moves Clause: Evasion moves are banned
|rule|Endless Battle Clause: Forcing endless battles is banned
|rule|HP Percentage Mod: HP is shown in percentages
|clearpoke
|poke|p1|Corsola-Galar, F|
|poke|p1|Gastrodon-East, F|
|poke|p1|Lucario, F|
|poke|p1|Noivern, M|
|poke|p1|Rotom-Heat|
|poke|p1|Grimmsnarl, M|
|poke|p2|Coalossal, F|
|poke|p2|Gengar, M|
|poke|p2|Drapion, F|
|poke|p2|Gigalith, M|
|poke|p2|Crustle, F|
|poke|p2|Pincurchin, F|
|rule|Dynamax Clause: You cannot dynamax
|teampreview
|inactive|Battle timer is ON: inactive players will automatically lose when time's up. (requested by Maxft)
|
|start
|switch|p1a: Corsola|Corsola-Galar, F|100/100
|switch|p2a: Gengar|Gengar, M|100/100
|turn|1
|
|switch|p1a: Gastrodon|Gastrodon-East, F|100/100
|move|p2a: Gengar|Hypnosis|p1a: Gastrodon
|-status|p1a: Gastrodon|slp|[from] move: Hypnosis
|
|upkeep
|turn|2
|
|move|p2a: Gengar|Hypnosis|p1a: Gastrodon|[miss]
|-miss|p2a: Gengar|p1a: Gastrodon
|cant|p1a: Gastrodon|slp
|
|upkeep
|turn|3
|
|move|p2a: Gengar|Dream Eater|p1a: Gastrodon
|-damage|p1a: Gastrodon|77/100 slp
|cant|p1a: Gastrodon|slp
|
|-heal|p1a: Gastrodon|83/100 slp|[from] item: Leftovers
|upkeep
|turn|4
|
|switch|p1a: Lucario|Lucario, F|100/100
|move|p2a: Gengar|Dream Eater|p1a: Lucario
|-immune|p1a: Lucario
|
|upkeep
|turn|5
|
|move|p2a: Gengar|Focus Blast|p1a: Lucario
|-supereffective|p1a: Lucario
|-crit|p1a: Lucario
|-damage|p1a: Lucario|0 fnt
|faint|p1a: Lucario
|
|upkeep
|
|switch|p1a: Noivern|Noivern, M|100/100
|turn|6
|
|move|p1a: Noivern|Shadow Ball|p2a: Gengar
|-supereffective|p2a: Gengar
|-damage|p2a: Gengar|0 fnt
|faint|p2a: Gengar
|
|upkeep
|
|switch|p2a: Pincurchin|Pincurchin, F|100/100
|turn|7
|
|switch|p1a: Gastrodon|Gastrodon-East, F|83/100 slp
|move|p2a: Pincurchin|Thunder Wave|p1a: Gastrodon
|-immune|p1a: Gastrodon
|
|-heal|p1a: Gastrodon|89/100 slp|[from] item: Leftovers
|upkeep
|turn|8
|
|switch|p2a: Drapion|Drapion, F|100/100
|-curestatus|p1a: Gastrodon|slp|[msg]
|move|p1a: Gastrodon|Scald|p2a: Drapion
|-damage|p2a: Drapion|63/100
|
|-heal|p1a: Gastrodon|96/100|[from] item: Leftovers
|upkeep
|turn|9
|
|move|p2a: Drapion|Protect|p2a: Drapion
|-singleturn|p2a: Drapion|Protect
|move|p1a: Gastrodon|Scald|p2a: Drapion
|-activate|p2a: Drapion|move: Protect
|
|-heal|p1a: Gastrodon|100/100|[from] item: Leftovers
|upkeep
|turn|10
|
|move|p2a: Drapion|Brick Break|p1a: Gastrodon
|-damage|p1a: Gastrodon|77/100
|move|p1a: Gastrodon|Scald|p2a: Drapion
|-damage|p2a: Drapion|27/100
|-status|p2a: Drapion|brn
|
|-heal|p1a: Gastrodon|83/100|[from] item: Leftovers
|-damage|p2a: Drapion|21/100 brn|[from] brn
|upkeep
|turn|11
|
|move|p2a: Drapion|Night Slash|p1a: Gastrodon
|-damage|p1a: Gastrodon|67/100
|move|p1a: Gastrodon|Scald|p2a: Drapion
|-damage|p2a: Drapion|0 fnt
|faint|p2a: Drapion
|
|-heal|p1a: Gastrodon|73/100|[from] item: Leftovers
|upkeep
|
|switch|p2a: Pincurchin|Pincurchin, F|100/100
|turn|12
|
|move|p1a: Gastrodon|Scald|p2a: Pincurchin
|-damage|p2a: Pincurchin|68/100
|move|p2a: Pincurchin|Hydro Pump|p1a: Gastrodon
|-ability|p1a: Gastrodon|Storm Drain|boost
|-boost|p1a: Gastrodon|spa|1
|
|-heal|p1a: Gastrodon|80/100|[from] item: Leftovers
|upkeep
|turn|13
|
|move|p1a: Gastrodon|Scald|p2a: Pincurchin
|-damage|p2a: Pincurchin|14/100
|move|p2a: Pincurchin|Recover|p2a: Pincurchin
|-heal|p2a: Pincurchin|64/100
|
|-heal|p1a: Gastrodon|86/100|[from] item: Leftovers
|upkeep
|turn|14
|
|move|p1a: Gastrodon|Scald|p2a: Pincurchin
|-damage|p2a: Pincurchin|17/100
|move|p2a: Pincurchin|Recover|p2a: Pincurchin
|-heal|p2a: Pincurchin|67/100
|
|-heal|p1a: Gastrodon|92/100|[from] item: Leftovers
|upkeep
|turn|15
|
|switch|p2a: Crustle|Crustle, F|100/100
|move|p1a: Gastrodon|Scald|p2a: Crustle
|-supereffective|p2a: Crustle
|-crit|p2a: Crustle
|-ability|p2a: Crustle|Sturdy
|-damage|p2a: Crustle|1/100
|-status|p2a: Crustle|brn
|-enditem|p2a: Crustle|Lum Berry|[eat]
|-curestatus|p2a: Crustle|brn|[msg]
|
|-heal|p1a: Gastrodon|98/100|[from] item: Leftovers
|upkeep
|turn|16
|
|move|p2a: Crustle|Protect|p2a: Crustle
|-singleturn|p2a: Crustle|Protect
|move|p1a: Gastrodon|Scald|p2a: Crustle
|-activate|p2a: Crustle|move: Protect
|
|-heal|p1a: Gastrodon|100/100|[from] item: Leftovers
|upkeep
|turn|17
|
|move|p2a: Crustle|Rock Slide|p1a: Gastrodon
|-resisted|p1a: Gastrodon
|-damage|p1a: Gastrodon|81/100
|move|p1a: Gastrodon|Scald|p2a: Crustle
|-supereffective|p2a: Crustle
|-crit|p2a: Crustle
|-damage|p2a: Crustle|0 fnt
|faint|p2a: Crustle
|
|-heal|p1a: Gastrodon|87/100|[from] item: Leftovers
|upkeep
|
|switch|p2a: Gigalith|Gigalith, M|100/100
|turn|18
|
|move|p1a: Gastrodon|Scald|p2a: Gigalith
|-supereffective|p2a: Gigalith
|-damage|p2a: Gigalith|19/100
|move|p2a: Gigalith|Body Press|p1a: Gastrodon
|-damage|p1a: Gastrodon|62/100
|
|-heal|p1a: Gastrodon|68/100|[from] item: Leftovers
|upkeep
|turn|19
|
|move|p1a: Gastrodon|Scald|p2a: Gigalith
|-supereffective|p2a: Gigalith
|-damage|p2a: Gigalith|0 fnt
|faint|p2a: Gigalith
|
|-heal|p1a: Gastrodon|74/100|[from] item: Leftovers
|upkeep
|
|switch|p2a: Coalossal|Coalossal, F|100/100
|turn|20
|
|move|p2a: Coalossal|Protect|p2a: Coalossal
|-singleturn|p2a: Coalossal|Protect
|move|p1a: Gastrodon|Scald|p2a: Coalossal
|-activate|p2a: Coalossal|move: Protect
|
|-heal|p1a: Gastrodon|80/100|[from] item: Leftovers
|upkeep
|turn|21
|
|move|p1a: Gastrodon|Scald|p2a: Coalossal
|-supereffective|p2a: Coalossal
|-damage|p2a: Coalossal|0 fnt
|faint|p2a: Coalossal
|
|-heal|p1a: Gastrodon|87/100|[from] item: Leftovers
|upkeep
|
|switch|p2a: Pincurchin|Pincurchin, F|67/100
|turn|22
|
|move|p1a: Gastrodon|Scald|p2a: Pincurchin
|-damage|p2a: Pincurchin|18/100
|move|p2a: Pincurchin|Recover|p2a: Pincurchin
|-heal|p2a: Pincurchin|68/100
|
|-heal|p1a: Gastrodon|93/100|[from] item: Leftovers
|upkeep
|turn|23
|
|move|p1a: Gastrodon|Scald|p2a: Pincurchin
|-damage|p2a: Pincurchin|17/100
|move|p2a: Pincurchin|Hydro Pump|p1a: Gastrodon
|-ability|p1a: Gastrodon|Storm Drain|boost
|-boost|p1a: Gastrodon|spa|1
|
|-heal|p1a: Gastrodon|99/100|[from] item: Leftovers
|upkeep
|turn|24
|
|move|p1a: Gastrodon|Scald|p2a: Pincurchin
|-damage|p2a: Pincurchin|0 fnt
|faint|p2a: Pincurchin
|
|win|Maxft
|raw|Maxft's rating: 1000 → 1040(+40 for winning)
|raw|hhjuyg's rating: 1000 → 1000(+0 for losing)
