|ScrapeTime|2020-01-02-10:14:36
|j|☆gabros2002
|j|☆Sir Snub
|player|p1|gabros2002|colress|1902
|player|p2|Sir Snub|clown|1714
|teamsize|p1|6
|teamsize|p2|6
|gametype|singles
|gen|8
|tier|[Gen 8] OU
|rated|
|rule|Sleep Clause Mod: Limit one foe put to sleep
|rule|Species Clause: Limit one of each Pokémon
|rule|OHKO Clause: OHKO moves are banned
|rule|Evasion Moves Clause: Evasion moves are banned
|rule|Endless Battle Clause: Forcing endless battles is banned
|rule|HP Percentage Mod: HP is shown in percentages
|clearpoke
|poke|p1|Shuckle, M|
|poke|p1|Dragapult, M|
|poke|p1|Cloyster, M|
|poke|p1|Kommo-o, M|
|poke|p1|Mimikyu, M|
|poke|p1|Obstagoon, M|
|poke|p2|Drapion, F|
|poke|p2|Corviknight, M|
|poke|p2|Seismitoad, M|
|poke|p2|Rotom-Heat|
|poke|p2|Dragapult, F|
|poke|p2|Sylveon, F|
|rule|Dynamax Clause: You cannot dynamax
|teampreview
|
|start
|switch|p1a: Shuckle|Shuckle, M|100/100
|switch|p2a: Drapion|Drapion, F|100/100
|turn|1
|inactive|Battle timer is ON: inactive players will automatically lose when time's up. (requested by gabros2002)
|
|switch|p1a: Obstagoon|Obstagoon, M|100/100
|move|p2a: Drapion|Toxic Spikes|p1a: Obstagoon
|-sidestart|p1: gabros2002|move: Toxic Spikes
|
|-status|p1a: Obstagoon|brn|[from] item: Flame Orb
|upkeep
|turn|2
|
|move|p2a: Drapion|Brick Break|p1a: Obstagoon
|-supereffective|p1a: Obstagoon
|-damage|p1a: Obstagoon|21/100 brn
|move|p1a: Obstagoon|Taunt|p2a: Drapion
|-start|p2a: Drapion|move: Taunt
|
|-damage|p1a: Obstagoon|15/100 brn|[from] brn
|upkeep
|turn|3
|
|switch|p1a: Shuckle|Shuckle, M|100/100
|-status|p1a: Shuckle|psn
|move|p2a: Drapion|Knock Off|p1a: Shuckle
|-damage|p1a: Shuckle|77/100 psn
|-damage|p2a: Drapion|84/100|[from] item: Rocky Helmet|[of] p1a: Shuckle
|-enditem|p1a: Shuckle|Rocky Helmet|[from] move: Knock Off|[of] p2a: Drapion
|
|-heal|p2a: Drapion|90/100|[from] item: Black Sludge
|-damage|p1a: Shuckle|65/100 psn|[from] psn
|upkeep
|turn|4
|inactive|Sir Snub has 120 seconds left.
|
|switch|p2a: Rotom|Rotom-Heat|100/100
|move|p1a: Shuckle|Stealth Rock|p2a: Rotom
|-sidestart|p2: Sir Snub|move: Stealth Rock
|
|-damage|p1a: Shuckle|52/100 psn|[from] psn
|upkeep
|turn|5
|
|move|p2a: Rotom|Nasty Plot|p2a: Rotom
|-boost|p2a: Rotom|spa|2
|move|p1a: Shuckle|Sticky Web|p2a: Rotom
|-sidestart|p2: Sir Snub|move: Sticky Web
|
|-damage|p1a: Shuckle|40/100 psn|[from] psn
|upkeep
|turn|6
|
|move|p2a: Rotom|Discharge|p1a: Shuckle
|-damage|p1a: Shuckle|0 fnt
|faint|p1a: Shuckle
|
|upkeep
|j| habajiga
|
|switch|p1a: Obstagoon|Obstagoon, M|15/100 brn
|turn|7
|j| Narmanitan
|
|switch|p2a: Corviknight|Corviknight, M|100/100
|-damage|p2a: Corviknight|88/100|[from] Stealth Rock
|move|p1a: Obstagoon|Facade|p2a: Corviknight
|-resisted|p2a: Corviknight
|-damage|p2a: Corviknight|57/100
|
|-heal|p2a: Corviknight|63/100|[from] item: Leftovers
|-damage|p1a: Obstagoon|9/100 brn|[from] brn
|upkeep
|turn|8
|
|move|p1a: Obstagoon|Knock Off|p2a: Corviknight
|-damage|p2a: Corviknight|22/100
|-enditem|p2a: Corviknight|Leftovers|[from] move: Knock Off|[of] p1a: Obstagoon
|move|p2a: Corviknight|Roost|p2a: Corviknight
|-heal|p2a: Corviknight|72/100
|-singleturn|p2a: Corviknight|move: Roost
|
|-damage|p1a: Obstagoon|3/100 brn|[from] brn
|upkeep
|turn|9
|
|move|p1a: Obstagoon|Fire Punch|p2a: Corviknight
|-supereffective|p2a: Corviknight
|-damage|p2a: Corviknight|26/100
|move|p2a: Corviknight|Roost|p2a: Corviknight
|-heal|p2a: Corviknight|76/100
|-singleturn|p2a: Corviknight|move: Roost
|
|-damage|p1a: Obstagoon|0 fnt|[from] brn
|faint|p1a: Obstagoon
|upkeep
|
|switch|p1a: Cloyster|Cloyster, M|100/100
|-status|p1a: Cloyster|psn
|turn|10
|
|move|p1a: Cloyster|Shell Smash|p1a: Cloyster
|-unboost|p1a: Cloyster|def|1
|-unboost|p1a: Cloyster|spd|1
|-boost|p1a: Cloyster|atk|2
|-boost|p1a: Cloyster|spa|2
|-boost|p1a: Cloyster|spe|2
|move|p2a: Corviknight|U-turn|p1a: Cloyster
|-damage|p1a: Cloyster|81/100 psn
|
|switch|p2a: Seismitoad|Seismitoad, M|100/100|[from]move: U-turn
|-activate|p2a: Seismitoad|move: Sticky Web
|-unboost|p2a: Seismitoad|spe|1
|-damage|p2a: Seismitoad|94/100|[from] Stealth Rock
|
|-heal|p2a: Seismitoad|100/100|[from] item: Leftovers
|-damage|p1a: Cloyster|69/100 psn|[from] psn
|upkeep
|turn|11
|
|move|p1a: Cloyster|Icicle Spear|p2a: Seismitoad
|-damage|p2a: Seismitoad|84/100
|-damage|p2a: Seismitoad|67/100
|-crit|p2a: Seismitoad
|-damage|p2a: Seismitoad|43/100
|-damage|p2a: Seismitoad|28/100
|-damage|p2a: Seismitoad|10/100
|-hitcount|p2a: Seismitoad|5
|cant|p2a: Seismitoad|flinch
|
|-heal|p2a: Seismitoad|16/100|[from] item: Leftovers
|-damage|p1a: Cloyster|57/100 psn|[from] psn
|upkeep
|turn|12
|j| ArkanisPK
|
|move|p1a: Cloyster|Rock Blast|p2a: Seismitoad
|-resisted|p2a: Seismitoad
|-damage|p2a: Seismitoad|11/100
|-resisted|p2a: Seismitoad
|-damage|p2a: Seismitoad|5/100
|-resisted|p2a: Seismitoad
|-damage|p2a: Seismitoad|0 fnt
|-hitcount|p2a: Seismitoad|3
|faint|p2a: Seismitoad
|
|-damage|p1a: Cloyster|44/100 psn|[from] psn
|upkeep
|inactive|Sir Snub has 120 seconds left.
|
|switch|p2a: Sylveon|Sylveon, F|100/100
|-activate|p2a: Sylveon|move: Sticky Web
|-unboost|p2a: Sylveon|spe|1
|-damage|p2a: Sylveon|88/100|[from] Stealth Rock
|turn|13
|
|move|p2a: Sylveon|Protect|p2a: Sylveon
|-singleturn|p2a: Sylveon|Protect
|move|p1a: Cloyster|Icicle Spear|p2a: Sylveon
|-activate|p2a: Sylveon|move: Protect
|
|-heal|p2a: Sylveon|94/100|[from] item: Leftovers
|-damage|p1a: Cloyster|32/100 psn|[from] psn
|upkeep
|turn|14
|inactive|Sir Snub has 120 seconds left.
|
|switch|p2a: Rotom|Rotom-Heat|100/100
|move|p1a: Cloyster|Rock Blast|p2a: Rotom
|-supereffective|p2a: Rotom
|-damage|p2a: Rotom|61/100
|-supereffective|p2a: Rotom
|-damage|p2a: Rotom|19/100
|-supereffective|p2a: Rotom
|-damage|p2a: Rotom|0 fnt
|-hitcount|p2a: Rotom|3
|faint|p2a: Rotom
|
|-damage|p1a: Cloyster|19/100 psn|[from] psn
|upkeep
|inactive|Sir Snub has 120 seconds left.
|
|switch|p2a: Sylveon|Sylveon, F|94/100
|-activate|p2a: Sylveon|move: Sticky Web
|-unboost|p2a: Sylveon|spe|1
|-damage|p2a: Sylveon|82/100|[from] Stealth Rock
|turn|15
|
|move|p2a: Sylveon|Protect|p2a: Sylveon
|-singleturn|p2a: Sylveon|Protect
|move|p1a: Cloyster|Icicle Spear|p2a: Sylveon
|-activate|p2a: Sylveon|move: Protect
|
|-heal|p2a: Sylveon|88/100|[from] item: Leftovers
|-damage|p1a: Cloyster|7/100 psn|[from] psn
|upkeep
|turn|16
|
|switch|p2a: Drapion|Drapion, F|90/100
|-damage|p2a: Drapion|78/100|[from] Stealth Rock
|-activate|p2a: Drapion|move: Sticky Web
|-unboost|p2a: Drapion|spe|1
|move|p1a: Cloyster|Icicle Spear|p2a: Drapion
|-damage|p2a: Drapion|54/100
|-damage|p2a: Drapion|30/100
|-damage|p2a: Drapion|4/100
|-damage|p2a: Drapion|0 fnt
|-hitcount|p2a: Drapion|4
|faint|p2a: Drapion
|
|-damage|p1a: Cloyster|0 fnt|[from] psn
|faint|p1a: Cloyster
|upkeep
|j| ymrayquaza
|
|switch|p2a: Corviknight|Corviknight, M|76/100
|switch|p1a: Kommo-o|Kommo-o, M|100/100
|-status|p1a: Kommo-o|psn
|-damage|p2a: Corviknight|63/100|[from] Stealth Rock
|turn|17
|j| flameengo
|
|move|p1a: Kommo-o|Dragon Dance|p1a: Kommo-o
|-boost|p1a: Kommo-o|atk|1
|-boost|p1a: Kommo-o|spe|1
|move|p2a: Corviknight|Roost|p2a: Corviknight
|-heal|p2a: Corviknight|100/100
|-singleturn|p2a: Corviknight|move: Roost
|
|-damage|p1a: Kommo-o|88/100 psn|[from] psn
|upkeep
|turn|18
|l| flameengo
|
|move|p1a: Kommo-o|Close Combat|p2a: Corviknight
|-damage|p2a: Corviknight|23/100
|-unboost|p1a: Kommo-o|def|1
|-unboost|p1a: Kommo-o|spd|1
|-damage|p1a: Kommo-o|78/100 psn|[from] item: Life Orb
|move|p2a: Corviknight|Brave Bird|p1a: Kommo-o
|-supereffective|p1a: Kommo-o
|-damage|p1a: Kommo-o|0 fnt
|-damage|p2a: Corviknight|4/100|[from] Recoil
|faint|p1a: Kommo-o
|
|upkeep
|
|switch|p1a: Mimikyu|Mimikyu, M|100/100
|-status|p1a: Mimikyu|psn
|turn|19
|j|+eMrE MoR 9
|inactive|Sir Snub has 120 seconds left.
|
|move|p1a: Mimikyu|Shadow Claw|p2a: Corviknight
|-damage|p2a: Corviknight|0 fnt
|-damage|p1a: Mimikyu|91/100 psn|[from] item: Life Orb
|faint|p2a: Corviknight
|
|-damage|p1a: Mimikyu|78/100 psn|[from] psn
|upkeep
|
|switch|p2a: Sylveon|Sylveon, F|88/100
|-activate|p2a: Sylveon|move: Sticky Web
|-unboost|p2a: Sylveon|spe|1
|-damage|p2a: Sylveon|75/100|[from] Stealth Rock
|turn|20
|inactive|Sir Snub has 120 seconds left.
|
|move|p1a: Mimikyu|Swords Dance|p1a: Mimikyu
|-boost|p1a: Mimikyu|atk|2
|move|p2a: Sylveon|Hyper Voice|p1a: Mimikyu
|-activate|p1a: Mimikyu|ability: Disguise
|-damage|p1a: Mimikyu|78/100 psn
|detailschange|p1a: Mimikyu|Mimikyu-Busted, M
|-damage|p1a: Mimikyu|66/100 psn|[from] ability: Disguise|[of] p1a: Mimikyu
|
|-heal|p2a: Sylveon|81/100|[from] item: Leftovers
|-damage|p1a: Mimikyu|53/100 psn|[from] psn
|upkeep
|turn|21
|inactive|Sir Snub has 120 seconds left.
|
|move|p1a: Mimikyu|Play Rough|p2a: Sylveon
|-damage|p2a: Sylveon|0 fnt
|-damage|p1a: Mimikyu|44/100 psn|[from] item: Life Orb
|faint|p2a: Sylveon
|
|-damage|p1a: Mimikyu|31/100 psn|[from] psn
|upkeep
|inactive|Sir Snub has 120 seconds left.
|c|☆Sir Snub|gg
|
|switch|p2a: Dragapult|Dragapult, F|100/100
|-damage|p2a: Dragapult|88/100|[from] Stealth Rock
|-activate|p2a: Dragapult|move: Sticky Web
|-unboost|p2a: Dragapult|spe|1
|turn|22
|c|☆gabros2002|gg
|inactive|Sir Snub has 120 seconds left.
|
|move|p1a: Mimikyu|Shadow Sneak|p2a: Dragapult
|-supereffective|p2a: Dragapult
|-damage|p2a: Dragapult|0 fnt
|-damage|p1a: Mimikyu|21/100 psn|[from] item: Life Orb
|faint|p2a: Dragapult
|
|win|gabros2002
|raw|gabros2002's rating: 1903 → 1913(+10 for winning)
|raw|Sir Snub's rating: 1714 → 1704(-10 for losing)
|l| ArkanisPK
|l|☆gabros2002
|l|☆Sir Snub
|l| ymrayquaza
|l| Narmanitan
