|ScrapeTime|2020-01-01-21:48:29
|j|☆drafteur noir
|j|☆Maisonx
|player|p1|drafteur noir|burgh|1000
|player|p2|Maisonx|102|1039
|teamsize|p1|6
|teamsize|p2|6
|gametype|singles
|gen|8
|tier|[Gen 8] OU
|rated|
|rule|Sleep Clause Mod: Limit one foe put to sleep
|rule|Species Clause: Limit one of each Pokémon
|rule|OHKO Clause: OHKO moves are banned
|rule|Evasion Moves Clause: Evasion moves are banned
|rule|Endless Battle Clause: Forcing endless battles is banned
|rule|HP Percentage Mod: HP is shown in percentages
|clearpoke
|poke|p1|Cinderace, M|
|poke|p1|Duraludon, M|
|poke|p1|Gardevoir, M|
|poke|p1|Scrafty, M|
|poke|p1|Roserade, M|
|poke|p1|Gastrodon, M|
|poke|p2|Corviknight, F|
|poke|p2|Hatterene, F|
|poke|p2|Dragapult, F|
|poke|p2|Weezing-Galar, F|
|poke|p2|Seismitoad, M|
|poke|p2|Ferrothorn, M|
|rule|Dynamax Clause: You cannot dynamax
|teampreview
|j| Poney666
|inactive|Battle timer is ON: inactive players will automatically lose when time's up. (requested by drafteur noir)
|
|start
|switch|p1a: Duraludon|Duraludon, M|100/100
|switch|p2a: Hatterene|Hatterene, F|100/100
|turn|1
|
|move|p1a: Duraludon|Flash Cannon|p2a: Hatterene
|-supereffective|p2a: Hatterene
|-damage|p2a: Hatterene|11/100
|move|p2a: Hatterene|Trick Room|p2a: Hatterene
|-fieldstart|move: Trick Room|[of] p2a: Hatterene
|
|-heal|p2a: Hatterene|17/100|[from] item: Leftovers
|upkeep
|turn|2
|
|switch|p2a: Ferrothorn|Ferrothorn, M|100/100
|move|p1a: Duraludon|Flash Cannon|p2a: Ferrothorn
|-resisted|p2a: Ferrothorn
|-damage|p2a: Ferrothorn|83/100
|
|-heal|p2a: Ferrothorn|89/100|[from] item: Leftovers
|upkeep
|turn|3
|
|move|p2a: Ferrothorn|Spikes|p1a: Duraludon
|-sidestart|p1: drafteur noir|Spikes
|move|p1a: Duraludon|Stealth Rock|p2a: Ferrothorn
|-sidestart|p2: Maisonx|move: Stealth Rock
|
|-heal|p2a: Ferrothorn|96/100|[from] item: Leftovers
|upkeep
|turn|4
|
|switch|p1a: Cinderace|Cinderace, M|100/100
|move|p2a: Ferrothorn|Spikes|p1a: Cinderace
|-sidestart|p1: drafteur noir|Spikes
|
|-heal|p2a: Ferrothorn|100/100|[from] item: Leftovers
|upkeep
|turn|5
|
|switch|p2a: Hatterene|Hatterene, F|17/100
|-damage|p2a: Hatterene|5/100|[from] Stealth Rock
|move|p1a: Cinderace|U-turn|p2a: Hatterene
|-damage|p2a: Hatterene|0 fnt
|faint|p2a: Hatterene
|
|switch|p1a: Duraludon|Duraludon, M|100/100|[from]move: U-turn
|-damage|p1a: Duraludon|84/100|[from] Spikes
|
|-fieldend|move: Trick Room
|upkeep
|
|switch|p2a: Seismitoad|Seismitoad, M|100/100
|-damage|p2a: Seismitoad|94/100|[from] Stealth Rock
|turn|6
|
|move|p1a: Duraludon|Solar Beam||[still]
|-prepare|p1a: Duraludon|Solar Beam|p2a: Seismitoad
|-enditem|p1a: Duraludon|Power Herb
|-anim|p1a: Duraludon|Solar Beam|p2a: Seismitoad
|-supereffective|p2a: Seismitoad
|-damage|p2a: Seismitoad|0 fnt
|faint|p2a: Seismitoad
|
|upkeep
|c| Poney666|lul
|c|☆Maisonx|nice
|inactive|Maisonx has 120 seconds left.
|-message|Maisonx forfeited.
|
|win|drafteur noir
|l|☆Maisonx
