|ScrapeTime|2020-01-02-04:56:43
|j|☆Shadow_SSBU
|j|☆radiant_reploid
|player|p1|Shadow_SSBU|266|1241
|player|p2|radiant_reploid|266|1201
|teamsize|p1|6
|teamsize|p2|6
|gametype|singles
|gen|8
|tier|[Gen 8] OU
|rated|
|rule|Sleep Clause Mod: Limit one foe put to sleep
|rule|Species Clause: Limit one of each Pokémon
|rule|OHKO Clause: OHKO moves are banned
|rule|Evasion Moves Clause: Evasion moves are banned
|rule|Endless Battle Clause: Forcing endless battles is banned
|rule|HP Percentage Mod: HP is shown in percentages
|clearpoke
|poke|p1|Eiscue, F|
|poke|p1|Togekiss, M|
|poke|p1|Excadrill, F|
|poke|p1|Bisharp, F|
|poke|p1|Ribombee, M|
|poke|p1|Falinks|
|poke|p2|Grimmsnarl, M|
|poke|p2|Dragapult, M|
|poke|p2|Cinderace, M|
|poke|p2|Ferrothorn, M|
|poke|p2|Seismitoad, M|
|poke|p2|Kommo-o, M|
|rule|Dynamax Clause: You cannot dynamax
|teampreview
|inactive|Battle timer is ON: inactive players will automatically lose when time's up. (requested by Shadow_SSBU)
|
|start
|switch|p1a: Excadrill|Excadrill, F|100/100
|switch|p2a: Cinderace|Cinderace, M|100/100
|-ability|p1a: Excadrill|Mold Breaker
|turn|1
|
|switch|p1a: Plz no SpA.|Eiscue, F|100/100
|move|p2a: Cinderace|Pyro Ball|p1a: Plz no SpA.
|-activate|p1a: Plz no SpA.|ability: Ice Face
|-damage|p1a: Plz no SpA.|100/100
|detailschange|p1a: Plz no SpA.|Eiscue-Noice, F
|
|upkeep
|turn|2
|
|move|p1a: Plz no SpA.|Liquidation|p2a: Cinderace
|-supereffective|p2a: Cinderace
|-damage|p2a: Cinderace|43/100
|move|p2a: Cinderace|Pyro Ball|p1a: Plz no SpA.
|-supereffective|p1a: Plz no SpA.
|-damage|p1a: Plz no SpA.|0 fnt
|faint|p1a: Plz no SpA.
|
|upkeep
|
|switch|p1a: Bisharp|Bisharp, F|100/100
|turn|3
|
|switch|p2a: Ferrothorn|Ferrothorn, M|100/100
|move|p1a: Bisharp|Sucker Punch||[still]
|-fail|p1a: Bisharp
|
|upkeep
|turn|4
|
|move|p1a: Bisharp|Swords Dance|p1a: Bisharp
|-boost|p1a: Bisharp|atk|2
|move|p2a: Ferrothorn|Body Press|p1a: Bisharp
|-supereffective|p1a: Bisharp
|-damage|p1a: Bisharp|0 fnt
|faint|p1a: Bisharp
|
|upkeep
|
|switch|p1a: Ribombee|Ribombee, M|100/100
|turn|5
|
|move|p1a: Ribombee|Sticky Web|p2a: Ferrothorn
|-sidestart|p2: radiant_reploid|move: Sticky Web
|move|p2a: Ferrothorn|Knock Off|p1a: Ribombee
|-resisted|p1a: Ribombee
|-damage|p1a: Ribombee|80/100
|-enditem|p1a: Ribombee|Focus Sash|[from] move: Knock Off|[of] p2a: Ferrothorn
|
|upkeep
|turn|6
|
|switch|p2a: Cinderace|Cinderace, M|43/100
|move|p1a: Ribombee|Reflect|p1a: Ribombee
|-sidestart|p1: Shadow_SSBU|Reflect
|
|upkeep
|turn|7
|
|move|p1a: Ribombee|U-turn|p2a: Cinderace
|-resisted|p2a: Cinderace
|-damage|p2a: Cinderace|33/100
|
|switch|p1a: Falinks|Falinks|100/100|[from]move: U-turn
|move|p2a: Cinderace|Court Change|p2a: Cinderace
|-sideend|p2: radiant_reploid|Sticky Web|[silent]
|-sidestart|p1: Shadow_SSBU|Sticky Web|[silent]
|-sideend|p1: Shadow_SSBU|Reflect|[silent]
|-sidestart|p2: radiant_reploid|Reflect|[silent]
|-activate|p2a: Cinderace|move: Court Change
|
|upkeep
|turn|8
|
|move|p2a: Cinderace|Pyro Ball|p1a: Falinks
|-damage|p1a: Falinks|0 fnt
|faint|p1a: Falinks
|
|upkeep
|
|switch|p1a: Togekiss|Togekiss, M|100/100
|turn|9
|
|move|p2a: Cinderace|Pyro Ball|p1a: Togekiss
|-damage|p1a: Togekiss|0 fnt
|faint|p1a: Togekiss
|
|upkeep
|
|switch|p1a: Ribombee|Ribombee, M|80/100
|-activate|p1a: Ribombee|move: Sticky Web
|-unboost|p1a: Ribombee|spe|1
|turn|10
|
|move|p2a: Cinderace|Pyro Ball|p1a: Ribombee
|-supereffective|p1a: Ribombee
|-damage|p1a: Ribombee|0 fnt
|faint|p1a: Ribombee
|
|-sideend|p2: radiant_reploid|Reflect
|upkeep
|-message|Shadow_SSBU forfeited.
|
|win|radiant_reploid
|l|☆Shadow_SSBU
