|ScrapeTime|2020-01-01-08:14:46
|j|☆Antho_roy15
|j|☆Notbadcheese
|player|p1|Antho_roy15|266|1171
|player|p2|Notbadcheese|12|1186
|teamsize|p1|6
|teamsize|p2|6
|gametype|singles
|gen|8
|tier|[Gen 8] OU
|rated|
|rule|Sleep Clause Mod: Limit one foe put to sleep
|rule|Species Clause: Limit one of each Pokémon
|rule|OHKO Clause: OHKO moves are banned
|rule|Evasion Moves Clause: Evasion moves are banned
|rule|Endless Battle Clause: Forcing endless battles is banned
|rule|HP Percentage Mod: HP is shown in percentages
|clearpoke
|poke|p1|Togekiss, F|
|poke|p1|Excadrill, M|
|poke|p1|Mandibuzz, F|
|poke|p1|Dragapult, M|
|poke|p1|Seismitoad, M|
|poke|p1|Grimmsnarl, M|
|poke|p2|Clefable, M|
|poke|p2|Avalugg, M|
|poke|p2|Grimmsnarl, M|
|poke|p2|Jellicent, M|
|poke|p2|Solosis, L1, F|
|poke|p2|Crawdaunt, F|
|rule|Dynamax Clause: You cannot dynamax
|teampreview
|
|start
|switch|p1a: Excadrill|Excadrill, M|100/100
|switch|p2a: Solosis|Solosis, L1, F|100/100
|-ability|p1a: Excadrill|Mold Breaker
|turn|1
|
|move|p1a: Excadrill|Rapid Spin|p2a: Solosis
|-enditem|p2a: Solosis|Focus Sash
|-damage|p2a: Solosis|9/100
|-boost|p1a: Excadrill|spe|1
|move|p2a: Solosis|Trick Room|p2a: Solosis
|-fieldstart|move: Trick Room|[of] p2a: Solosis
|
|upkeep
|turn|2
|
|move|p2a: Solosis|Endeavor|p1a: Excadrill
|-damage|p1a: Excadrill|1/100
|move|p1a: Excadrill|Rapid Spin|p2a: Solosis
|-damage|p2a: Solosis|0 fnt
|-boost|p1a: Excadrill|spe|1
|faint|p2a: Solosis
|
|upkeep
|
|switch|p2a: Clefable|Clefable, M|100/100
|turn|3
|
|move|p2a: Clefable|Moonblast|p1a: Excadrill
|-resisted|p1a: Excadrill
|-damage|p1a: Excadrill|0 fnt
|faint|p1a: Excadrill
|
|upkeep
|
|switch|p1a: Mandibuzz|Mandibuzz, F|100/100
|turn|4
|
|move|p2a: Clefable|Moonblast|p1a: Mandibuzz
|-supereffective|p1a: Mandibuzz
|-damage|p1a: Mandibuzz|8/100
|move|p1a: Mandibuzz|Knock Off|p2a: Clefable
|-resisted|p2a: Clefable
|-damage|p2a: Clefable|88/100
|-enditem|p2a: Clefable|Life Orb|[from] move: Knock Off|[of] p1a: Mandibuzz
|
|-heal|p1a: Mandibuzz|14/100|[from] item: Leftovers
|upkeep
|turn|5
|
|switch|p1a: Togekiss|Togekiss, F|100/100
|move|p2a: Clefable|Moonblast|p1a: Togekiss
|-damage|p1a: Togekiss|57/100
|
|-fieldend|move: Trick Room
|upkeep
|turn|6
|
|move|p1a: Togekiss|Air Slash|p2a: Clefable
|-damage|p2a: Clefable|53/100
|cant|p2a: Clefable|flinch
|
|upkeep
|turn|7
|
|switch|p2a: Jellicent|Jellicent, M|100/100
|move|p1a: Togekiss|Air Slash|p2a: Jellicent
|-damage|p2a: Jellicent|78/100
|
|-heal|p2a: Jellicent|84/100|[from] item: Leftovers
|upkeep
|turn|8
|
|move|p1a: Togekiss|Air Slash|p2a: Jellicent
|-damage|p2a: Jellicent|63/100
|cant|p2a: Jellicent|flinch
|
|-heal|p2a: Jellicent|70/100|[from] item: Leftovers
|upkeep
|turn|9
|
|move|p1a: Togekiss|Air Slash|p2a: Jellicent
|-damage|p2a: Jellicent|46/100
|cant|p2a: Jellicent|flinch
|
|-heal|p2a: Jellicent|52/100|[from] item: Leftovers
|upkeep
|turn|10
|
|move|p1a: Togekiss|Air Slash|p2a: Jellicent
|-damage|p2a: Jellicent|29/100
|cant|p2a: Jellicent|flinch
|
|-heal|p2a: Jellicent|36/100|[from] item: Leftovers
|upkeep
|turn|11
|
|move|p1a: Togekiss|Air Slash|p2a: Jellicent
|-damage|p2a: Jellicent|15/100
|cant|p2a: Jellicent|flinch
|
|-heal|p2a: Jellicent|21/100|[from] item: Leftovers
|upkeep
|turn|12
|
|move|p1a: Togekiss|Air Slash|p2a: Jellicent
|-damage|p2a: Jellicent|0 fnt
|faint|p2a: Jellicent
|
|upkeep
|
|switch|p2a: Grimmsnarl|Grimmsnarl, M|100/100
|turn|13
|
|switch|p1a: Grimmsnarl|Grimmsnarl, M|100/100
|move|p2a: Grimmsnarl|Bulk Up|p2a: Grimmsnarl
|-boost|p2a: Grimmsnarl|atk|1
|-boost|p2a: Grimmsnarl|def|1
|
|upkeep
|turn|14
|
|move|p2a: Grimmsnarl|Spirit Break|p1a: Grimmsnarl
|-supereffective|p1a: Grimmsnarl
|-damage|p1a: Grimmsnarl|0 fnt
|faint|p1a: Grimmsnarl
|
|upkeep
|
|switch|p1a: Mandibuzz|Mandibuzz, F|14/100
|turn|15
|
|move|p2a: Grimmsnarl|Spirit Break|p1a: Mandibuzz
|-supereffective|p1a: Mandibuzz
|-damage|p1a: Mandibuzz|0 fnt
|faint|p1a: Mandibuzz
|
|upkeep
|
|switch|p1a: Dragapult|Dragapult, M|100/100
|turn|16
|
|move|p1a: Dragapult|U-turn|p2a: Grimmsnarl
|-damage|p2a: Grimmsnarl|75/100
|
|switch|p1a: Togekiss|Togekiss, F|57/100|[from]move: U-turn
|move|p2a: Grimmsnarl|Spirit Break|p1a: Togekiss
|-damage|p1a: Togekiss|6/100
|-unboost|p1a: Togekiss|spa|1
|
|-heal|p2a: Grimmsnarl|81/100|[from] item: Leftovers
|upkeep
|turn|17
|
|move|p1a: Togekiss|Air Slash|p2a: Grimmsnarl
|-crit|p2a: Grimmsnarl
|-damage|p2a: Grimmsnarl|34/100
|cant|p2a: Grimmsnarl|flinch
|
|-heal|p2a: Grimmsnarl|40/100|[from] item: Leftovers
|upkeep
|turn|18
|
|move|p2a: Grimmsnarl|Rest|p2a: Grimmsnarl
|-status|p2a: Grimmsnarl|slp|[from] move: Rest
|-heal|p2a: Grimmsnarl|100/100 slp|[silent]
|move|p1a: Togekiss|Air Slash|p2a: Grimmsnarl
|-damage|p2a: Grimmsnarl|80/100 slp
|
|-heal|p2a: Grimmsnarl|87/100 slp|[from] item: Leftovers
|upkeep
|turn|19
|
|cant|p2a: Grimmsnarl|slp
|move|p2a: Grimmsnarl|Sleep Talk|p2a: Grimmsnarl
|move|p2a: Grimmsnarl|Bulk Up|p2a: Grimmsnarl|[from]Sleep Talk
|-boost|p2a: Grimmsnarl|atk|1
|-boost|p2a: Grimmsnarl|def|1
|move|p1a: Togekiss|Air Slash|p2a: Grimmsnarl
|-crit|p2a: Grimmsnarl
|-damage|p2a: Grimmsnarl|45/100 slp
|
|-heal|p2a: Grimmsnarl|51/100 slp|[from] item: Leftovers
|upkeep
|turn|20
|
|cant|p2a: Grimmsnarl|slp
|move|p2a: Grimmsnarl|Sleep Talk|p2a: Grimmsnarl
|move|p2a: Grimmsnarl|Rest|p2a: Grimmsnarl|[from]Sleep Talk
|-fail|p2a: Grimmsnarl
|move|p1a: Togekiss|Air Slash|p2a: Grimmsnarl
|-damage|p2a: Grimmsnarl|31/100 slp
|
|-heal|p2a: Grimmsnarl|38/100 slp|[from] item: Leftovers
|upkeep
|turn|21
|
|-curestatus|p2a: Grimmsnarl|slp|[msg]
|move|p2a: Grimmsnarl|Rest|p2a: Grimmsnarl
|-status|p2a: Grimmsnarl|slp|[from] move: Rest
|-heal|p2a: Grimmsnarl|100/100 slp|[silent]
|move|p1a: Togekiss|Air Slash|p2a: Grimmsnarl
|-damage|p2a: Grimmsnarl|78/100 slp
|
|-heal|p2a: Grimmsnarl|85/100 slp|[from] item: Leftovers
|upkeep
|turn|22
|
|cant|p2a: Grimmsnarl|slp
|move|p2a: Grimmsnarl|Sleep Talk|p2a: Grimmsnarl
|move|p2a: Grimmsnarl|Bulk Up|p2a: Grimmsnarl|[from]Sleep Talk
|-boost|p2a: Grimmsnarl|atk|1
|-boost|p2a: Grimmsnarl|def|1
|move|p1a: Togekiss|Air Slash|p2a: Grimmsnarl
|-damage|p2a: Grimmsnarl|64/100 slp
|
|-heal|p2a: Grimmsnarl|71/100 slp|[from] item: Leftovers
|upkeep
|turn|23
|
|cant|p2a: Grimmsnarl|slp
|move|p2a: Grimmsnarl|Sleep Talk|p2a: Grimmsnarl
|move|p2a: Grimmsnarl|Bulk Up|p2a: Grimmsnarl|[from]Sleep Talk
|-boost|p2a: Grimmsnarl|atk|1
|-boost|p2a: Grimmsnarl|def|1
|move|p1a: Togekiss|Air Slash|p2a: Grimmsnarl
|-damage|p2a: Grimmsnarl|51/100 slp
|
|-heal|p2a: Grimmsnarl|57/100 slp|[from] item: Leftovers
|upkeep
|turn|24
|l|☆Notbadcheese
|player|p2|
|j|☆Notbadcheese
|player|p2|Notbadcheese|12
|
|-curestatus|p2a: Grimmsnarl|slp|[msg]
|move|p2a: Grimmsnarl|Rest|p2a: Grimmsnarl
|-status|p2a: Grimmsnarl|slp|[from] move: Rest
|-heal|p2a: Grimmsnarl|100/100 slp|[silent]
|move|p1a: Togekiss|Air Slash|p2a: Grimmsnarl
|-damage|p2a: Grimmsnarl|78/100 slp
|
|-heal|p2a: Grimmsnarl|85/100 slp|[from] item: Leftovers
|upkeep
|turn|25
|
|switch|p1a: Seismitoad|Seismitoad, M|100/100
|cant|p2a: Grimmsnarl|slp
|move|p2a: Grimmsnarl|Sleep Talk|p2a: Grimmsnarl
|move|p2a: Grimmsnarl|Rest|p2a: Grimmsnarl|[from]Sleep Talk
|-fail|p2a: Grimmsnarl
|
|-heal|p2a: Grimmsnarl|91/100 slp|[from] item: Leftovers
|upkeep
|turn|26
|
|cant|p2a: Grimmsnarl|slp
|move|p2a: Grimmsnarl|Sleep Talk|p2a: Grimmsnarl
|move|p2a: Grimmsnarl|Spirit Break|p1a: Seismitoad|[from]Sleep Talk
|-damage|p1a: Seismitoad|6/100
|-unboost|p1a: Seismitoad|spa|1
|move|p1a: Seismitoad|Liquidation|p2a: Grimmsnarl
|-damage|p2a: Grimmsnarl|76/100 slp
|
|-heal|p1a: Seismitoad|12/100|[from] item: Leftovers
|-heal|p2a: Grimmsnarl|82/100 slp|[from] item: Leftovers
|upkeep
|turn|27
|-message|Antho_roy15 forfeited.
|
|win|Notbadcheese
|l|☆Antho_roy15
|raw|Antho_roy15's rating: 1171 → 1147(-24 for losing)
|raw|Notbadcheese's rating: 1186 → 1210(+24 for winning)
