|ScrapeTime|2020-01-01-07:15:15
|j|☆flawless creation
|j|☆2 quiet
|player|p1|flawless creation|beauty-gen2|1812
|player|p2|2 quiet|294|1694
|teamsize|p1|6
|teamsize|p2|6
|gametype|singles
|gen|8
|tier|[Gen 8] OU
|rated|
|rule|Sleep Clause Mod: Limit one foe put to sleep
|rule|Species Clause: Limit one of each Pokémon
|rule|OHKO Clause: OHKO moves are banned
|rule|Evasion Moves Clause: Evasion moves are banned
|rule|Endless Battle Clause: Forcing endless battles is banned
|rule|HP Percentage Mod: HP is shown in percentages
|clearpoke
|poke|p1|Dragapult, M|
|poke|p1|Hippowdon, M|
|poke|p1|Excadrill, M|
|poke|p1|Cinderace, M|
|poke|p1|Rotom-Mow|
|poke|p1|Sylveon, M|
|poke|p2|Crawdaunt, M|
|poke|p2|Dragapult, M|
|poke|p2|Rotom-Mow|
|poke|p2|Corviknight, M|
|poke|p2|Toxtricity, M|
|poke|p2|Dugtrio, M|
|rule|Dynamax Clause: You cannot dynamax
|teampreview
|inactive|Battle timer is ON: inactive players will automatically lose when time's up. (requested by flawless creation)
|j| MechaTaco
|
|start
|switch|p1a: Dragapult|Dragapult, M|100/100
|switch|p2a: Dugtrio|Dugtrio, M|100/100
|turn|1
|
|move|p1a: Dragapult|Shadow Ball|p2a: Dugtrio
|-enditem|p2a: Dugtrio|Focus Sash
|-damage|p2a: Dugtrio|1/100
|move|p2a: Dugtrio|Earthquake|p1a: Dragapult
|-damage|p1a: Dragapult|42/100
|
|upkeep
|turn|2
|
|switch|p1a: Hippowdon|Hippowdon, M|100/100
|-weather|Sandstorm|[from] ability: Sand Stream|[of] p1a: Hippowdon
|move|p2a: Dugtrio|Sucker Punch||[still]
|-fail|p2a: Dugtrio
|
|-weather|Sandstorm|[upkeep]
|upkeep
|turn|3
|
|move|p2a: Dugtrio|Stealth Rock|p1a: Hippowdon
|-sidestart|p1: flawless creation|move: Stealth Rock
|move|p1a: Hippowdon|Earthquake|p2a: Dugtrio
|-damage|p2a: Dugtrio|0 fnt
|faint|p2a: Dugtrio
|
|-weather|Sandstorm|[upkeep]
|upkeep
|
|switch|p2a: Crawdaunt|Crawdaunt, M|100/100
|turn|4
|
|switch|p1a: Rotom|Rotom-Mow|100/100
|-damage|p1a: Rotom|88/100|[from] Stealth Rock
|move|p2a: Crawdaunt|Knock Off|p1a: Rotom
|-damage|p1a: Rotom|0 fnt
|-enditem|p1a: Rotom|Leftovers|[from] move: Knock Off|[of] p2a: Crawdaunt
|-damage|p2a: Crawdaunt|91/100|[from] item: Life Orb
|faint|p1a: Rotom
|
|-weather|Sandstorm|[upkeep]
|-damage|p2a: Crawdaunt|85/100|[from] Sandstorm
|upkeep
|
|switch|p1a: Sylveon|Sylveon, M|100/100
|-damage|p1a: Sylveon|88/100|[from] Stealth Rock
|turn|5
|j| watr sucks
|
|move|p2a: Crawdaunt|Crabhammer|p1a: Sylveon
|-damage|p1a: Sylveon|0 fnt
|-damage|p2a: Crawdaunt|75/100|[from] item: Life Orb
|faint|p1a: Sylveon
|
|-weather|Sandstorm|[upkeep]
|-damage|p2a: Crawdaunt|69/100|[from] Sandstorm
|upkeep
|
|switch|p1a: Dragapult|Dragapult, M|42/100
|-damage|p1a: Dragapult|30/100|[from] Stealth Rock
|turn|6
|-message|flawless creation forfeited.
|
|win|2 quiet
|l|☆flawless creation
|raw|flawless creation's rating: 1812 → 1786(-26 for losing)
|raw|2 quiet's rating: 1694 → 1721(+27 for winning)
