|ScrapeTime|2020-01-02-03:54:53
|j|☆Nexgener1
|j|☆morgana katt
|player|p1|Nexgener1|101|1000
|player|p2|morgana katt|66|1041
|teamsize|p1|6
|teamsize|p2|6
|gametype|singles
|gen|8
|tier|[Gen 8] OU
|rated|
|rule|Sleep Clause Mod: Limit one foe put to sleep
|rule|Species Clause: Limit one of each Pokémon
|rule|OHKO Clause: OHKO moves are banned
|rule|Evasion Moves Clause: Evasion moves are banned
|rule|Endless Battle Clause: Forcing endless battles is banned
|rule|HP Percentage Mod: HP is shown in percentages
|clearpoke
|poke|p1|Cramorant, M|
|poke|p1|Morpeko, M|
|poke|p1|Dragapult, M|
|poke|p1|Snorlax, F|
|poke|p1|Orbeetle, M|
|poke|p1|Grimmsnarl, M|
|poke|p2|Shiinotic, M|
|poke|p2|Clefable, F|
|poke|p2|Jellicent, M|
|poke|p2|Togekiss, M|
|poke|p2|Excadrill, F|
|poke|p2|Grapploct, F|
|rule|Dynamax Clause: You cannot dynamax
|teampreview
|
|start
|switch|p1a: Dragapult|Dragapult, M|100/100
|switch|p2a: Shiinotic|Shiinotic, M|100/100
|turn|1
|inactive|Battle timer is ON: inactive players will automatically lose when time's up. (requested by Nexgener1)
|
|move|p1a: Dragapult|U-turn|p2a: Shiinotic
|-damage|p2a: Shiinotic|77/100
|-status|p1a: Dragapult|psn|[from] ability: Effect Spore|[of] p2a: Shiinotic
|
|switch|p1a: Orbeetle|Orbeetle, M|100/100|[from]move: U-turn
|move|p2a: Shiinotic|Thunder Wave|p1a: Orbeetle
|-status|p1a: Orbeetle|par
|
|-heal|p2a: Shiinotic|84/100|[from] item: Leftovers
|upkeep
|turn|2
|
|move|p1a: Orbeetle|Bug Buzz|p2a: Shiinotic
|-damage|p2a: Shiinotic|62/100
|move|p2a: Shiinotic|Leech Seed|p1a: Orbeetle
|-start|p1a: Orbeetle|move: Leech Seed
|
|-heal|p2a: Shiinotic|68/100|[from] item: Leftovers
|-damage|p1a: Orbeetle|88/100 par|[from] Leech Seed|[of] p2a: Shiinotic
|-heal|p2a: Shiinotic|80/100|[silent]
|upkeep
|turn|3
|
|move|p1a: Orbeetle|Calm Mind|p1a: Orbeetle
|-boost|p1a: Orbeetle|spa|1
|-boost|p1a: Orbeetle|spd|1
|move|p2a: Shiinotic|Strength Sap|p1a: Orbeetle
|-unboost|p1a: Orbeetle|atk|1
|-heal|p2a: Shiinotic|100/100
|
|-damage|p1a: Orbeetle|76/100 par|[from] Leech Seed|[of] p2a: Shiinotic
|upkeep
|turn|4
|
|switch|p2a: Jellicent|Jellicent, M|100/100
|move|p1a: Orbeetle|Calm Mind|p1a: Orbeetle
|-boost|p1a: Orbeetle|spa|1
|-boost|p1a: Orbeetle|spd|1
|
|-damage|p1a: Orbeetle|63/100 par|[from] Leech Seed|[of] p2a: Jellicent
|upkeep
|turn|5
|
|move|p2a: Jellicent|Shadow Ball|p1a: Orbeetle
|-supereffective|p1a: Orbeetle
|-crit|p1a: Orbeetle
|-damage|p1a: Orbeetle|0 fnt
|faint|p1a: Orbeetle
|
|upkeep
|
|switch|p1a: Morpeko|Morpeko, M|100/100
|turn|6
|
|switch|p2a: Grapploct|Grapploct, F|100/100
|move|p1a: Morpeko|Aura Wheel|p2a: Grapploct
|-damage|p2a: Grapploct|21/100
|-boost|p1a: Morpeko|spe|1
|
|-formechange|p1a: Morpeko|Morpeko-Hangry||[from] ability: Hunger Switch
|upkeep
|turn|7
|
|move|p1a: Morpeko|Aura Wheel|p2a: Grapploct
|-resisted|p2a: Grapploct
|-damage|p2a: Grapploct|0 fnt
|-boost|p1a: Morpeko|spe|1
|faint|p2a: Grapploct
|
|-formechange|p1a: Morpeko|Morpeko||[from] ability: Hunger Switch
|upkeep
|
|switch|p2a: Clefable|Clefable, F|100/100
|turn|8
|
|move|p1a: Morpeko|Aura Wheel|p2a: Clefable
|-damage|p2a: Clefable|43/100
|-boost|p1a: Morpeko|spe|1
|move|p2a: Clefable|Stealth Rock|p1a: Morpeko
|-sidestart|p1: Nexgener1|move: Stealth Rock
|
|-heal|p2a: Clefable|49/100|[from] item: Leftovers
|-formechange|p1a: Morpeko|Morpeko-Hangry||[from] ability: Hunger Switch
|upkeep
|turn|9
|
|move|p1a: Morpeko|Aura Wheel|p2a: Clefable
|-resisted|p2a: Clefable
|-damage|p2a: Clefable|21/100
|-boost|p1a: Morpeko|spe|1
|move|p2a: Clefable|Wish|p2a: Clefable
|
|-heal|p2a: Clefable|27/100|[from] item: Leftovers
|-formechange|p1a: Morpeko|Morpeko||[from] ability: Hunger Switch
|upkeep
|turn|10
|
|switch|p2a: Excadrill|Excadrill, F|100/100
|-ability|p2a: Excadrill|Mold Breaker
|move|p1a: Morpeko|Aura Wheel|p2a: Excadrill
|-immune|p2a: Excadrill
|
|-formechange|p1a: Morpeko|Morpeko-Hangry||[from] ability: Hunger Switch
|upkeep
|turn|11
|
|switch|p1a: Grimmsnarl|Grimmsnarl, M|100/100
|-damage|p1a: Grimmsnarl|88/100|[from] Stealth Rock
|move|p2a: Excadrill|Rapid Spin|p1a: Grimmsnarl
|-damage|p1a: Grimmsnarl|74/100
|-boost|p2a: Excadrill|spe|1
|
|upkeep
|turn|12
|
|move|p1a: Grimmsnarl|Reflect|p1a: Grimmsnarl
|-sidestart|p1: Nexgener1|Reflect
|move|p2a: Excadrill|Iron Head|p1a: Grimmsnarl
|-supereffective|p1a: Grimmsnarl
|-damage|p1a: Grimmsnarl|37/100
|
|upkeep
|turn|13
|
|switch|p1a: Snorlax|Snorlax, F, shiny|100/100
|-damage|p1a: Snorlax|88/100|[from] Stealth Rock
|move|p2a: Excadrill|Iron Head|p1a: Snorlax
|-damage|p1a: Snorlax|72/100
|
|-heal|p1a: Snorlax|78/100|[from] item: Leftovers
|upkeep
|turn|14
|
|switch|p2a: Clefable|Clefable, F|27/100
|move|p1a: Snorlax|Curse|p1a: Snorlax
|-unboost|p1a: Snorlax|spe|1
|-boost|p1a: Snorlax|atk|1
|-boost|p1a: Snorlax|def|1
|
|-heal|p2a: Clefable|33/100|[from] item: Leftovers
|-heal|p1a: Snorlax|84/100|[from] item: Leftovers
|upkeep
|turn|15
|
|move|p2a: Clefable|Encore|p1a: Snorlax
|-start|p1a: Snorlax|Encore
|move|p1a: Snorlax|Curse|p1a: Snorlax
|-unboost|p1a: Snorlax|spe|1
|-boost|p1a: Snorlax|atk|1
|-boost|p1a: Snorlax|def|1
|
|-heal|p2a: Clefable|39/100|[from] item: Leftovers
|-heal|p1a: Snorlax|91/100|[from] item: Leftovers
|upkeep
|turn|16
|
|switch|p1a: Morpeko|Morpeko, M|100/100
|-damage|p1a: Morpeko|88/100|[from] Stealth Rock
|move|p2a: Clefable|Wish|p2a: Clefable
|
|-heal|p2a: Clefable|45/100|[from] item: Leftovers
|-formechange|p1a: Morpeko|Morpeko-Hangry||[from] ability: Hunger Switch
|upkeep
|turn|17
|
|move|p1a: Morpeko|Fire Fang|p2a: Clefable|[miss]
|-miss|p1a: Morpeko|p2a: Clefable
|move|p2a: Clefable|Encore|p1a: Morpeko
|-start|p1a: Morpeko|Encore
|
|-heal|p2a: Clefable|95/100|[from] move: Wish|[wisher] Clefable
|-heal|p2a: Clefable|100/100|[from] item: Leftovers
|-formechange|p1a: Morpeko|Morpeko||[from] ability: Hunger Switch
|upkeep
|turn|18
|
|switch|p2a: Jellicent|Jellicent, M|100/100
|move|p1a: Morpeko|Fire Fang|p2a: Jellicent
|-resisted|p2a: Jellicent
|-damage|p2a: Jellicent|84/100
|
|-heal|p2a: Jellicent|90/100|[from] item: Leftovers
|-formechange|p1a: Morpeko|Morpeko-Hangry||[from] ability: Hunger Switch
|upkeep
|turn|19
|
|switch|p1a: Snorlax|Snorlax, F, shiny|91/100
|-damage|p1a: Snorlax|78/100|[from] Stealth Rock
|move|p2a: Jellicent|Will-O-Wisp|p1a: Snorlax
|-status|p1a: Snorlax|brn
|
|-heal|p2a: Jellicent|96/100|[from] item: Leftovers
|-heal|p1a: Snorlax|84/100 brn|[from] item: Leftovers
|-damage|p1a: Snorlax|78/100 brn|[from] brn
|-sideend|p1: Nexgener1|Reflect
|upkeep
|turn|20
|
|move|p2a: Jellicent|Strength Sap|p1a: Snorlax
|-unboost|p1a: Snorlax|atk|1
|-heal|p2a: Jellicent|100/100
|move|p1a: Snorlax|Curse|p1a: Snorlax
|-unboost|p1a: Snorlax|spe|1
|-boost|p1a: Snorlax|atk|1
|-boost|p1a: Snorlax|def|1
|
|-heal|p1a: Snorlax|84/100 brn|[from] item: Leftovers
|-damage|p1a: Snorlax|78/100 brn|[from] brn
|upkeep
|turn|21
|
|move|p2a: Jellicent|Strength Sap|p1a: Snorlax
|-unboost|p1a: Snorlax|atk|1
|move|p1a: Snorlax|Curse|p1a: Snorlax
|-unboost|p1a: Snorlax|spe|1
|-boost|p1a: Snorlax|atk|1
|-boost|p1a: Snorlax|def|1
|
|-heal|p1a: Snorlax|84/100 brn|[from] item: Leftovers
|-damage|p1a: Snorlax|78/100 brn|[from] brn
|upkeep
|turn|22
|
|move|p2a: Jellicent|Strength Sap|p1a: Snorlax
|-unboost|p1a: Snorlax|atk|1
|move|p1a: Snorlax|Earthquake|p2a: Jellicent
|-damage|p2a: Jellicent|92/100
|
|-heal|p2a: Jellicent|98/100|[from] item: Leftovers
|-heal|p1a: Snorlax|84/100 brn|[from] item: Leftovers
|-damage|p1a: Snorlax|78/100 brn|[from] brn
|upkeep
|turn|23
|
|move|p2a: Jellicent|Shadow Ball|p1a: Snorlax
|-immune|p1a: Snorlax
|move|p1a: Snorlax|Body Slam|p2a: Jellicent
|-immune|p2a: Jellicent
|
|-heal|p2a: Jellicent|100/100|[from] item: Leftovers
|-heal|p1a: Snorlax|84/100 brn|[from] item: Leftovers
|-damage|p1a: Snorlax|78/100 brn|[from] brn
|upkeep
|turn|24
|
|switch|p1a: Morpeko|Morpeko, M|88/100
|-damage|p1a: Morpeko|76/100|[from] Stealth Rock
|move|p2a: Jellicent|Scald|p1a: Morpeko
|-damage|p1a: Morpeko|28/100
|-status|p1a: Morpeko|brn
|
|-damage|p1a: Morpeko|22/100 brn|[from] brn
|-formechange|p1a: Morpeko|Morpeko-Hangry||[from] ability: Hunger Switch
|upkeep
|turn|25
|
|switch|p2a: Shiinotic|Shiinotic, M|100/100
|move|p1a: Morpeko|Aura Wheel|p2a: Shiinotic
|-resisted|p2a: Shiinotic
|-damage|p2a: Shiinotic|76/100
|-boost|p1a: Morpeko|spe|1
|
|-heal|p2a: Shiinotic|82/100|[from] item: Leftovers
|-damage|p1a: Morpeko|15/100 brn|[from] brn
|-formechange|p1a: Morpeko|Morpeko||[from] ability: Hunger Switch
|upkeep
|turn|26
|
|switch|p1a: Snorlax|Snorlax, F, shiny|78/100 brn
|-damage|p1a: Snorlax|66/100 brn|[from] Stealth Rock
|move|p2a: Shiinotic|Spore||[still]
|-fail|p2a: Shiinotic
|
|-heal|p2a: Shiinotic|88/100|[from] item: Leftovers
|-heal|p1a: Snorlax|72/100 brn|[from] item: Leftovers
|-damage|p1a: Snorlax|66/100 brn|[from] brn
|upkeep
|turn|27
|
|move|p2a: Shiinotic|Leech Seed|p1a: Snorlax
|-start|p1a: Snorlax|move: Leech Seed
|move|p1a: Snorlax|Curse|p1a: Snorlax
|-unboost|p1a: Snorlax|spe|1
|-boost|p1a: Snorlax|atk|1
|-boost|p1a: Snorlax|def|1
|
|-heal|p2a: Shiinotic|95/100|[from] item: Leftovers
|-heal|p1a: Snorlax|72/100 brn|[from] item: Leftovers
|-damage|p1a: Snorlax|59/100 brn|[from] Leech Seed|[of] p2a: Shiinotic
|-heal|p2a: Shiinotic|100/100|[silent]
|-damage|p1a: Snorlax|53/100 brn|[from] brn
|upkeep
|turn|28
|
|switch|p2a: Jellicent|Jellicent, M|100/100
|move|p1a: Snorlax|Body Slam|p2a: Jellicent
|-immune|p2a: Jellicent
|
|-heal|p1a: Snorlax|59/100 brn|[from] item: Leftovers
|-damage|p1a: Snorlax|47/100 brn|[from] Leech Seed|[of] p2a: Jellicent
|-damage|p1a: Snorlax|41/100 brn|[from] brn
|upkeep
|turn|29
|
|switch|p1a: Cramorant|Cramorant, M|100/100
|-damage|p1a: Cramorant|76/100|[from] Stealth Rock
|move|p2a: Jellicent|Scald|p1a: Cramorant
|-resisted|p1a: Cramorant
|-damage|p1a: Cramorant|61/100
|
|upkeep
|turn|30
|
|move|p1a: Cramorant|Ice Beam|p2a: Jellicent
|-resisted|p2a: Jellicent
|-damage|p2a: Jellicent|91/100
|-damage|p1a: Cramorant|51/100|[from] item: Life Orb
|move|p2a: Jellicent|Will-O-Wisp|p1a: Cramorant
|-status|p1a: Cramorant|brn
|
|-heal|p2a: Jellicent|97/100|[from] item: Leftovers
|-damage|p1a: Cramorant|45/100 brn|[from] brn
|upkeep
|turn|31
|
|move|p1a: Cramorant|Defog|p2a: Jellicent
|-unboost|p2a: Jellicent|evasion|1
|-sideend|p1: Nexgener1|Stealth Rock|[from] move: Defog|[of] p1a: Cramorant
|move|p2a: Jellicent|Shadow Ball|p1a: Cramorant
|-damage|p1a: Cramorant|14/100 brn
|
|-heal|p2a: Jellicent|100/100|[from] item: Leftovers
|-damage|p1a: Cramorant|8/100 brn|[from] brn
|upkeep
|turn|32
|
|move|p1a: Cramorant|Surf|p2a: Jellicent
|-immune|p2a: Jellicent|[from] ability: Water Absorb
|-formechange|p1a: Cramorant|Cramorant-Gorging|
|move|p2a: Jellicent|Shadow Ball|p1a: Cramorant
|-formechange|p1a: Cramorant|Cramorant|
|-damage|p2a: Jellicent|75/100|[from] ability: Gulp Missile|[of] p1a: Cramorant
|-status|p2a: Jellicent|par
|-damage|p1a: Cramorant|0 fnt
|faint|p1a: Cramorant
|
|-heal|p2a: Jellicent|82/100 par|[from] item: Leftovers
|upkeep
|
|switch|p1a: Morpeko|Morpeko, M|15/100 brn
|turn|33
|
|switch|p2a: Shiinotic|Shiinotic, M|100/100
|move|p1a: Morpeko|Aura Wheel|p2a: Shiinotic
|-resisted|p2a: Shiinotic
|-damage|p2a: Shiinotic|76/100
|-boost|p1a: Morpeko|spe|1
|
|-heal|p2a: Shiinotic|82/100|[from] item: Leftovers
|-damage|p1a: Morpeko|9/100 brn|[from] brn
|-formechange|p1a: Morpeko|Morpeko-Hangry||[from] ability: Hunger Switch
|upkeep
|turn|34
|
|move|p1a: Morpeko|Aura Wheel|p2a: Shiinotic
|-resisted|p2a: Shiinotic
|-damage|p2a: Shiinotic|60/100
|-boost|p1a: Morpeko|spe|1
|move|p2a: Shiinotic|Strength Sap|p1a: Morpeko
|-unboost|p1a: Morpeko|atk|1
|-heal|p2a: Shiinotic|100/100
|
|-damage|p1a: Morpeko|3/100 brn|[from] brn
|-formechange|p1a: Morpeko|Morpeko||[from] ability: Hunger Switch
|upkeep
|turn|35
|
|move|p1a: Morpeko|Aura Wheel|p2a: Shiinotic
|-resisted|p2a: Shiinotic
|-damage|p2a: Shiinotic|86/100
|-boost|p1a: Morpeko|spe|1
|move|p2a: Shiinotic|Leech Seed|p1a: Morpeko
|-start|p1a: Morpeko|move: Leech Seed
|
|-heal|p2a: Shiinotic|92/100|[from] item: Leftovers
|-damage|p1a: Morpeko|0 fnt|[from] Leech Seed|[of] p2a: Shiinotic
|-heal|p2a: Shiinotic|94/100|[silent]
|faint|p1a: Morpeko
|upkeep
|
|switch|p1a: Dragapult|Dragapult, M|100/100 psn
|turn|36
|
|move|p1a: Dragapult|Substitute|p1a: Dragapult
|-start|p1a: Dragapult|Substitute
|-damage|p1a: Dragapult|76/100 psn
|move|p2a: Shiinotic|Leech Seed||[still]
|-fail|p2a: Shiinotic
|
|-heal|p2a: Shiinotic|99/100|[from] item: Leftovers
|-damage|p1a: Dragapult|63/100 psn|[from] psn
|upkeep
|turn|37
|
|switch|p2a: Clefable|Clefable, F|100/100
|move|p1a: Dragapult|Will-O-Wisp|p2a: Clefable|[miss]
|-miss|p1a: Dragapult|p2a: Clefable
|
|-damage|p1a: Dragapult|51/100 psn|[from] psn
|upkeep
|turn|38
|
|move|p1a: Dragapult|Will-O-Wisp|p2a: Clefable|[miss]
|-miss|p1a: Dragapult|p2a: Clefable
|move|p2a: Clefable|Encore|p1a: Dragapult
|-start|p1a: Dragapult|Encore
|
|-damage|p1a: Dragapult|39/100 psn|[from] psn
|upkeep
|turn|39
|
|move|p1a: Dragapult|Will-O-Wisp|p2a: Clefable|[miss]
|-miss|p1a: Dragapult|p2a: Clefable
|move|p2a: Clefable|Stealth Rock|p1a: Dragapult
|-sidestart|p1: Nexgener1|move: Stealth Rock
|
|-damage|p1a: Dragapult|26/100 psn|[from] psn
|upkeep
|turn|40
|
|move|p1a: Dragapult|Will-O-Wisp|p2a: Clefable
|-status|p2a: Clefable|brn
|move|p2a: Clefable|Aromatherapy|p2a: Clefable
|-activate|p2a: Clefable|move: Aromatherapy
|-curestatus|p2a: Clefable|brn|[msg]
|-curestatus|p2: Jellicent|par|[msg]
|
|-damage|p1a: Dragapult|14/100 psn|[from] psn
|upkeep
|turn|41
|
|move|p1a: Dragapult|Will-O-Wisp|p2a: Clefable
|-status|p2a: Clefable|brn
|move|p2a: Clefable|Wish|p2a: Clefable
|
|-damage|p1a: Dragapult|2/100 psn|[from] psn
|-end|p1a: Dragapult|Encore
|upkeep
|turn|42
|-message|Nexgener1 forfeited.
|
|win|morgana katt
|l|☆Nexgener1
|raw|Nexgener1's rating: 1000 → 1000(+0 for losing)
|raw|morgana katt's rating: 1041 → 1071(+30 for winning)
