|ScrapeTime|2020-01-01-06:25:30
|j|☆eddiewestside
|j|☆Ayaanisgonlose
|player|p1|eddiewestside|266|1268
|player|p2|Ayaanisgonlose|lucas|1255
|teamsize|p1|6
|teamsize|p2|6
|gametype|singles
|gen|8
|tier|[Gen 8] OU
|rated|
|rule|Sleep Clause Mod: Limit one foe put to sleep
|rule|Species Clause: Limit one of each Pokémon
|rule|OHKO Clause: OHKO moves are banned
|rule|Evasion Moves Clause: Evasion moves are banned
|rule|Endless Battle Clause: Forcing endless battles is banned
|rule|HP Percentage Mod: HP is shown in percentages
|clearpoke
|poke|p1|Corviknight, M|
|poke|p1|Dragapult, M|
|poke|p1|Excadrill, F|
|poke|p1|Toxtricity, M|
|poke|p1|Rotom-Heat|
|poke|p1|Toxapex, F|
|poke|p2|Conkeldurr, M|
|poke|p2|Toxapex, F|
|poke|p2|Toxtricity, F|
|poke|p2|Hatterene, F|
|poke|p2|Dragapult, F|
|poke|p2|Tyranitar, F|
|rule|Dynamax Clause: You cannot dynamax
|teampreview
|
|start
|switch|p1a: Excadrill|Excadrill, F|100/100
|switch|p2a: Conkeldurr|Conkeldurr, M|100/100
|-ability|p1a: Excadrill|Mold Breaker
|turn|1
|inactive|Battle timer is ON: inactive players will automatically lose when time's up. (requested by eddiewestside)
|
|switch|p1a: Dragapult|Dragapult, M|100/100
|move|p2a: Conkeldurr|Earthquake|p1a: Dragapult
|-damage|p1a: Dragapult|47/100
|
|-status|p2a: Conkeldurr|brn|[from] item: Flame Orb
|upkeep
|turn|2
|
|move|p1a: Dragapult|Shadow Ball|p2a: Conkeldurr
|-damage|p2a: Conkeldurr|35/100 brn
|-unboost|p2a: Conkeldurr|spd|1
|move|p2a: Conkeldurr|Poison Jab|p1a: Dragapult
|-resisted|p1a: Dragapult
|-damage|p1a: Dragapult|12/100
|-status|p1a: Dragapult|psn
|
|-damage|p1a: Dragapult|0 fnt|[from] psn
|faint|p1a: Dragapult
|-damage|p2a: Conkeldurr|29/100 brn|[from] brn
|upkeep
|
|switch|p1a: Rotom|Rotom-Heat|100/100
|turn|3
|
|move|p1a: Rotom|Volt Switch|p2a: Conkeldurr
|-damage|p2a: Conkeldurr|0 fnt
|faint|p2a: Conkeldurr
|
|switch|p1a: Excadrill|Excadrill, F|100/100|[from]move: Volt Switch
|-ability|p1a: Excadrill|Mold Breaker
|
|upkeep
|
|switch|p2a: Tyranitar|Tyranitar, F|100/100
|-weather|Sandstorm|[from] ability: Sand Stream|[of] p2a: Tyranitar
|turn|4
|
|move|p1a: Excadrill|Iron Head|p2a: Tyranitar
|-supereffective|p2a: Tyranitar
|-damage|p2a: Tyranitar|36/100
|move|p2a: Tyranitar|Stealth Rock|p1a: Excadrill
|-sidestart|p1: eddiewestside|move: Stealth Rock
|
|-weather|Sandstorm|[upkeep]
|-heal|p2a: Tyranitar|42/100|[from] item: Leftovers
|upkeep
|turn|5
|
|switch|p2a: Toxapex|Toxapex, F|100/100
|move|p1a: Excadrill|Earthquake|p2a: Toxapex
|-supereffective|p2a: Toxapex
|-crit|p2a: Toxapex
|-damage|p2a: Toxapex|1/100
|
|-weather|Sandstorm|[upkeep]
|-damage|p2a: Toxapex|0 fnt|[from] Sandstorm
|faint|p2a: Toxapex
|upkeep
|
|switch|p2a: Hatterene|Hatterene, F|100/100
|turn|6
|
|move|p1a: Excadrill|Iron Head|p2a: Hatterene
|-supereffective|p2a: Hatterene
|-damage|p2a: Hatterene|0 fnt
|faint|p2a: Hatterene
|
|-weather|Sandstorm|[upkeep]
|upkeep
|
|switch|p2a: Dragapult|Dragapult, F|100/100
|turn|7
|
|move|p2a: Dragapult|Phantom Force||[still]
|-prepare|p2a: Dragapult|Phantom Force|p1a: Excadrill
|-enditem|p2a: Dragapult|Power Herb
|-anim|p2a: Dragapult|Phantom Force|p1a: Excadrill
|-damage|p1a: Excadrill|35/100
|move|p1a: Excadrill|Earthquake|p2a: Dragapult
|-damage|p2a: Dragapult|24/100
|
|-weather|Sandstorm|[upkeep]
|-damage|p2a: Dragapult|18/100|[from] Sandstorm
|upkeep
|turn|8
|
|switch|p1a: Toxapex|Toxapex, F|100/100
|-damage|p1a: Toxapex|88/100|[from] Stealth Rock
|move|p2a: Dragapult|Phantom Force||[still]
|-prepare|p2a: Dragapult|Phantom Force|p1a: Toxapex
|
|-weather|none
|-heal|p1a: Toxapex|94/100|[from] item: Black Sludge
|upkeep
|turn|9
|
|move|p2a: Dragapult|Phantom Force|p1a: Toxapex|[from]lockedmove
|-damage|p1a: Toxapex|66/100
|move|p1a: Toxapex|Toxic|p2a: Dragapult
|-status|p2a: Dragapult|tox
|
|-heal|p1a: Toxapex|73/100|[from] item: Black Sludge
|-damage|p2a: Dragapult|12/100 tox|[from] psn
|upkeep
|turn|10
|
|move|p2a: Dragapult|Dragon Darts|p1a: Toxapex
|-damage|p1a: Toxapex|58/100
|-damage|p1a: Toxapex|43/100
|-hitcount|p1a: Toxapex|2
|move|p1a: Toxapex|Recover|p1a: Toxapex
|-heal|p1a: Toxapex|93/100
|
|-heal|p1a: Toxapex|99/100|[from] item: Black Sludge
|-damage|p2a: Dragapult|0 fnt|[from] psn
|faint|p2a: Dragapult
|upkeep
|
|switch|p2a: Toxtricity|Toxtricity, F|100/100
|turn|11
|
|move|p2a: Toxtricity|Overdrive|p1a: Toxapex
|-supereffective|p1a: Toxapex
|-damage|p1a: Toxapex|0 fnt
|faint|p1a: Toxapex
|
|upkeep
|
|switch|p1a: Excadrill|Excadrill, F|35/100
|-damage|p1a: Excadrill|32/100|[from] Stealth Rock
|-ability|p1a: Excadrill|Mold Breaker
|turn|12
|
|move|p1a: Excadrill|Earthquake|p2a: Toxtricity
|-supereffective|p2a: Toxtricity
|-damage|p2a: Toxtricity|0 fnt
|faint|p2a: Toxtricity
|
|upkeep
|
|switch|p2a: Tyranitar|Tyranitar, F|42/100
|-weather|Sandstorm|[from] ability: Sand Stream|[of] p2a: Tyranitar
|turn|13
|
|move|p1a: Excadrill|Earthquake|p2a: Tyranitar
|-supereffective|p2a: Tyranitar
|-damage|p2a: Tyranitar|0 fnt
|faint|p2a: Tyranitar
|
|win|eddiewestside
|raw|eddiewestside's rating: 1268 → 1292(+24 for winning)
|raw|Ayaanisgonlose's rating: 1255 → 1231(-24 for losing)
|l|☆Ayaanisgonlose
