|ScrapeTime|2020-01-03-02:05:37
|j|☆Rahzagoul
|j|☆NasPena2
|player|p1|Rahzagoul|burglar|1609
|player|p2|NasPena2|blaine|1595
|teamsize|p1|6
|teamsize|p2|6
|gametype|singles
|gen|8
|tier|[Gen 8] OU
|rated|
|rule|Sleep Clause Mod: Limit one foe put to sleep
|rule|Species Clause: Limit one of each Pokémon
|rule|OHKO Clause: OHKO moves are banned
|rule|Evasion Moves Clause: Evasion moves are banned
|rule|Endless Battle Clause: Forcing endless battles is banned
|rule|HP Percentage Mod: HP is shown in percentages
|clearpoke
|poke|p1|Excadrill, M|
|poke|p1|Grimmsnarl, M|
|poke|p1|Cloyster, F|
|poke|p1|Bisharp, M|
|poke|p1|Dragapult, M|
|poke|p1|Togekiss, F|
|poke|p2|Dragapult, F|
|poke|p2|Obstagoon, F|
|poke|p2|Ferrothorn, F|
|poke|p2|Rotom-Heat|
|poke|p2|Hippowdon, F|
|poke|p2|Hatterene, F|
|rule|Dynamax Clause: You cannot dynamax
|teampreview
|j| AttackonSamurott
|inactive|Battle timer is ON: inactive players will automatically lose when time's up. (requested by Rahzagoul)
|c|☆NasPena2|Samurott from the Academy?
|c| AttackonSamurott|aye!
|c| AttackonSamurott|wassgood
|c|☆NasPena2|Sup man
|inactive|NasPena2 has 120 seconds left.
|
|start
|switch|p1a: Excadrill|Excadrill, M|100/100
|switch|p2a: Bertha|Hippowdon, F, shiny|100/100
|-ability|p1a: Excadrill|Mold Breaker
|-weather|Sandstorm|[from] ability: Sand Stream|[of] p2a: Bertha
|turn|1
|
|move|p1a: Excadrill|Stealth Rock|p2a: Bertha
|-sidestart|p2: NasPena2|move: Stealth Rock
|move|p2a: Bertha|Earthquake|p1a: Excadrill
|-supereffective|p1a: Excadrill
|-enditem|p1a: Excadrill|Focus Sash
|-damage|p1a: Excadrill|1/100
|
|-weather|Sandstorm|[upkeep]
|upkeep
|turn|2
|
|switch|p1a: Grimmsnarl|Grimmsnarl, M|100/100
|move|p2a: Bertha|Earthquake|p1a: Grimmsnarl
|-damage|p1a: Grimmsnarl|49/100
|
|-weather|Sandstorm|[upkeep]
|-damage|p1a: Grimmsnarl|43/100|[from] Sandstorm
|upkeep
|turn|3
|
|move|p1a: Grimmsnarl|Taunt|p2a: Bertha
|-start|p2a: Bertha|move: Taunt
|cant|p2a: Bertha|move: Taunt|Stealth Rock
|
|-weather|Sandstorm|[upkeep]
|-damage|p1a: Grimmsnarl|36/100|[from] Sandstorm
|upkeep
|turn|4
|
|move|p1a: Grimmsnarl|Reflect|p1a: Grimmsnarl
|-sidestart|p1: Rahzagoul|Reflect
|move|p2a: Bertha|Earthquake|p1a: Grimmsnarl
|-damage|p1a: Grimmsnarl|10/100
|
|-weather|Sandstorm|[upkeep]
|-damage|p1a: Grimmsnarl|4/100|[from] Sandstorm
|upkeep
|turn|5
|
|move|p1a: Grimmsnarl|Light Screen|p1a: Grimmsnarl
|-sidestart|p1: Rahzagoul|move: Light Screen
|move|p2a: Bertha|Earthquake|p1a: Grimmsnarl
|-damage|p1a: Grimmsnarl|0 fnt
|faint|p1a: Grimmsnarl
|
|-weather|none
|-end|p2a: Bertha|move: Taunt
|upkeep
|
|switch|p1a: Togekiss|Togekiss, F|100/100
|turn|6
|
|move|p1a: Togekiss|Nasty Plot|p1a: Togekiss
|-boost|p1a: Togekiss|spa|2
|move|p2a: Bertha|Whirlwind|p1a: Togekiss
|drag|p1a: Cloyster|Cloyster, F|100/100
|
|upkeep
|turn|7
|
|switch|p2a: Nettles|Ferrothorn, F|100/100
|-damage|p2a: Nettles|94/100|[from] Stealth Rock
|move|p1a: Cloyster|Icicle Spear|p2a: Nettles
|-crit|p2a: Nettles
|-damage|p2a: Nettles|85/100
|-damage|p2a: Nettles|79/100
|-damage|p2a: Nettles|73/100
|-damage|p2a: Nettles|66/100
|-damage|p2a: Nettles|60/100
|-hitcount|p2a: Nettles|5
|
|-heal|p2a: Nettles|66/100|[from] item: Leftovers
|upkeep
|turn|8
|
|move|p1a: Cloyster|Shell Smash|p1a: Cloyster
|-unboost|p1a: Cloyster|def|1
|-unboost|p1a: Cloyster|spd|1
|-boost|p1a: Cloyster|atk|2
|-boost|p1a: Cloyster|spa|2
|-boost|p1a: Cloyster|spe|2
|-enditem|p1a: Cloyster|White Herb
|-clearnegativeboost|p1a: Cloyster|[silent]
|move|p2a: Nettles|Leech Seed|p1a: Cloyster
|-start|p1a: Cloyster|move: Leech Seed
|
|-heal|p2a: Nettles|73/100|[from] item: Leftovers
|-damage|p1a: Cloyster|88/100|[from] Leech Seed|[of] p2a: Nettles
|-heal|p2a: Nettles|81/100|[silent]
|upkeep
|turn|9
|inactive|NasPena2 has 120 seconds left.
|
|switch|p2a: Hotbox|Rotom-Heat, shiny|100/100
|move|p1a: Cloyster|Icicle Spear|p2a: Hotbox
|-resisted|p2a: Hotbox
|-damage|p2a: Hotbox|89/100
|-resisted|p2a: Hotbox
|-damage|p2a: Hotbox|79/100
|-resisted|p2a: Hotbox
|-damage|p2a: Hotbox|70/100
|-resisted|p2a: Hotbox
|-damage|p2a: Hotbox|60/100
|-resisted|p2a: Hotbox
|-damage|p2a: Hotbox|49/100
|-hitcount|p2a: Hotbox|5
|
|-damage|p1a: Cloyster|76/100|[from] Leech Seed|[of] p2a: Hotbox
|-heal|p2a: Hotbox|59/100|[silent]
|upkeep
|turn|10
|inactive|NasPena2 has 120 seconds left.
|
|switch|p2a: Bertha|Hippowdon, F, shiny|100/100
|-damage|p2a: Bertha|94/100|[from] Stealth Rock
|-weather|Sandstorm|[from] ability: Sand Stream|[of] p2a: Bertha
|move|p1a: Cloyster|Liquidation|p2a: Bertha
|-supereffective|p2a: Bertha
|-damage|p2a: Bertha|0 fnt
|faint|p2a: Bertha
|
|-weather|Sandstorm|[upkeep]
|-damage|p1a: Cloyster|69/100|[from] Sandstorm
|upkeep
|
|switch|p2a: Nettles|Ferrothorn, F|81/100
|-damage|p2a: Nettles|75/100|[from] Stealth Rock
|turn|11
|
|move|p1a: Cloyster|Icicle Spear|p2a: Nettles
|-damage|p2a: Nettles|61/100
|-damage|p2a: Nettles|49/100
|-damage|p2a: Nettles|37/100
|-damage|p2a: Nettles|24/100
|-damage|p2a: Nettles|11/100
|-hitcount|p2a: Nettles|5
|move|p2a: Nettles|Power Whip|p1a: Cloyster
|-supereffective|p1a: Cloyster
|-damage|p1a: Cloyster|36/100
|
|-weather|Sandstorm|[upkeep]
|-damage|p1a: Cloyster|30/100|[from] Sandstorm
|-heal|p2a: Nettles|17/100|[from] item: Leftovers
|-damage|p1a: Cloyster|17/100|[from] Leech Seed|[of] p2a: Nettles
|-heal|p2a: Nettles|25/100|[silent]
|-sideend|p1: Rahzagoul|Reflect
|upkeep
|turn|12
|inactive|NasPena2 has 120 seconds left.
|l| AttackonSamurott
|
|switch|p2a: Hotbox|Rotom-Heat, shiny|59/100
|move|p1a: Cloyster|Icicle Spear|p2a: Hotbox
|-resisted|p2a: Hotbox
|-damage|p2a: Hotbox|49/100
|-resisted|p2a: Hotbox
|-damage|p2a: Hotbox|38/100
|-resisted|p2a: Hotbox
|-damage|p2a: Hotbox|27/100
|-resisted|p2a: Hotbox
|-damage|p2a: Hotbox|16/100
|-resisted|p2a: Hotbox
|-damage|p2a: Hotbox|6/100
|-hitcount|p2a: Hotbox|5
|
|-weather|Sandstorm|[upkeep]
|-damage|p1a: Cloyster|11/100|[from] Sandstorm
|-damage|p2a: Hotbox|0 fnt|[from] Sandstorm
|faint|p2a: Hotbox
|-sideend|p1: Rahzagoul|move: Light Screen
|upkeep
|
|switch|p2a: The Hat|Hatterene, F|100/100
|-damage|p2a: The Hat|88/100|[from] Stealth Rock
|turn|13
|
|move|p1a: Cloyster|Icicle Spear|p2a: The Hat
|-damage|p2a: The Hat|71/100
|-damage|p2a: The Hat|55/100
|-damage|p2a: The Hat|37/100
|-damage|p2a: The Hat|21/100
|-damage|p2a: The Hat|5/100
|-hitcount|p2a: The Hat|5
|move|p2a: The Hat|Draining Kiss|p1a: Cloyster
|-damage|p1a: Cloyster|0 fnt
|-heal|p2a: The Hat|11/100|[from] drain|[of] p1a: Cloyster
|faint|p1a: Cloyster
|
|-weather|Sandstorm|[upkeep]
|-damage|p2a: The Hat|5/100|[from] Sandstorm
|-heal|p2a: The Hat|11/100|[from] item: Leftovers
|upkeep
|
|switch|p1a: Bisharp|Bisharp, M|100/100
|turn|14
|
|move|p1a: Bisharp|Throat Chop|p2a: The Hat
|-damage|p2a: The Hat|0 fnt
|faint|p2a: The Hat
|
|-weather|none
|upkeep
|
|switch|p2a: Gene|Obstagoon, F|100/100
|-damage|p2a: Gene|88/100|[from] Stealth Rock
|turn|15
|
|switch|p1a: Excadrill|Excadrill, M|1/100
|-ability|p1a: Excadrill|Mold Breaker
|move|p2a: Gene|Bulk Up|p2a: Gene
|-boost|p2a: Gene|atk|1
|-boost|p2a: Gene|def|1
|
|-status|p2a: Gene|brn|[from] item: Flame Orb
|upkeep
|turn|16
|
|move|p2a: Gene|Knock Off|p1a: Excadrill
|-damage|p1a: Excadrill|0 fnt
|faint|p1a: Excadrill
|
|-damage|p2a: Gene|82/100 brn|[from] brn
|upkeep
|
|switch|p1a: Togekiss|Togekiss, F|100/100
|turn|17
|
|move|p2a: Gene|Facade|p1a: Togekiss
|-damage|p1a: Togekiss|0 fnt
|faint|p1a: Togekiss
|
|-damage|p2a: Gene|76/100 brn|[from] brn
|upkeep
|-message|Rahzagoul forfeited.
|
|win|NasPena2
|l|☆Rahzagoul
|c|☆NasPena2|gg
|raw|Rahzagoul's rating: 1609 → 1587(-22 for losing)
|raw|NasPena2's rating: 1578 → 1600(+22 for winning)
