|ScrapeTime|2020-01-03-00:15:09
|j|☆Toot doodser
|j|☆jRAndomWeeb
|player|p1|Toot doodser|265|1046
|player|p2|jRAndomWeeb|223|1064
|teamsize|p1|6
|teamsize|p2|6
|gametype|singles
|gen|8
|tier|[Gen 8] OU
|rated|
|rule|Sleep Clause Mod: Limit one foe put to sleep
|rule|Species Clause: Limit one of each Pokémon
|rule|OHKO Clause: OHKO moves are banned
|rule|Evasion Moves Clause: Evasion moves are banned
|rule|Endless Battle Clause: Forcing endless battles is banned
|rule|HP Percentage Mod: HP is shown in percentages
|clearpoke
|poke|p1|Rapidash-Galar, M|
|poke|p1|Orbeetle, F|
|poke|p1|Runerigus, F|
|poke|p1|Salazzle, F|
|poke|p1|Inteleon, M|
|poke|p1|Morpeko, F|
|poke|p2|Toxtricity, F|
|poke|p2|Cinccino, F|
|poke|p2|Seismitoad, M|
|poke|p2|Tyranitar, F|
|poke|p2|Excadrill, M|
|poke|p2|Chandelure, M|
|rule|Dynamax Clause: You cannot dynamax
|teampreview
|
|start
|switch|p1a: Morpeko|Morpeko, F|100/100
|switch|p2a: Cinccino|Cinccino, F|100/100
|turn|1
|
|switch|p1a: Runerigus|Runerigus, F|100/100
|move|p2a: Cinccino|Rock Blast|p1a: Runerigus
|-resisted|p1a: Runerigus
|-damage|p1a: Runerigus|97/100
|-resisted|p1a: Runerigus
|-damage|p1a: Runerigus|95/100
|-resisted|p1a: Runerigus
|-damage|p1a: Runerigus|91/100
|-resisted|p1a: Runerigus
|-damage|p1a: Runerigus|88/100
|-resisted|p1a: Runerigus
|-damage|p1a: Runerigus|85/100
|-hitcount|p1a: Runerigus|5
|
|-heal|p1a: Runerigus|92/100|[from] item: Leftovers
|upkeep
|turn|2
|
|switch|p2a: Tyranitar|Tyranitar, F|100/100
|-weather|Sandstorm|[from] ability: Sand Stream|[of] p2a: Tyranitar
|move|p1a: Runerigus|Stealth Rock|p2a: Tyranitar
|-sidestart|p2: jRAndomWeeb|move: Stealth Rock
|
|-weather|Sandstorm|[upkeep]
|-heal|p1a: Runerigus|98/100|[from] item: Leftovers
|upkeep
|turn|3
|
|move|p2a: Tyranitar|Crunch|p1a: Runerigus
|-supereffective|p1a: Runerigus
|-damage|p1a: Runerigus|42/100
|-activate|p2a: Tyranitar|ability: Wandering Spirit|Wandering Spirit|Sand Stream|[of] p1a: Runerigus
|-unboost|p1a: Runerigus|def|1
|move|p1a: Runerigus|Earthquake|p2a: Tyranitar
|-supereffective|p2a: Tyranitar
|-damage|p2a: Tyranitar|25/100
|
|-weather|Sandstorm|[upkeep]
|-heal|p1a: Runerigus|48/100|[from] item: Leftovers
|upkeep
|turn|4
|
|switch|p1a: Morpeko|Morpeko, F|100/100
|move|p2a: Tyranitar|Crunch|p1a: Morpeko
|-resisted|p1a: Morpeko
|-damage|p1a: Morpeko|60/100
|
|-weather|Sandstorm|[upkeep]
|-damage|p1a: Morpeko|54/100|[from] Sandstorm
|-formechange|p1a: Morpeko|Morpeko-Hangry||[from] ability: Hunger Switch
|upkeep
|turn|5
|
|move|p1a: Morpeko|Aura Wheel|p2a: Tyranitar
|-resisted|p2a: Tyranitar
|-damage|p2a: Tyranitar|3/100
|-boost|p1a: Morpeko|spe|1
|-damage|p1a: Morpeko|44/100|[from] item: Life Orb
|move|p2a: Tyranitar|Stone Edge|p1a: Morpeko
|-damage|p1a: Morpeko|0 fnt
|faint|p1a: Morpeko
|
|-weather|Sandstorm|[upkeep]
|upkeep
|
|switch|p1a: Orbeetle|Orbeetle, F|100/100
|-item|p2a: Tyranitar|Bright Powder|[from] ability: Frisk|[of] p1a: Orbeetle|[identify]
|turn|6
|
|move|p1a: Orbeetle|Sticky Web|p2a: Tyranitar
|-sidestart|p2: jRAndomWeeb|move: Sticky Web
|move|p2a: Tyranitar|Stone Edge|p1a: Orbeetle
|-supereffective|p1a: Orbeetle
|-damage|p1a: Orbeetle|32/100
|
|-weather|none
|upkeep
|turn|7
|
|move|p2a: Tyranitar|Rain Dance|p2a: Tyranitar
|-weather|RainDance
|move|p1a: Orbeetle|Recover|p1a: Orbeetle
|-heal|p1a: Orbeetle|82/100
|
|-weather|RainDance|[upkeep]
|upkeep
|turn|8
|
|switch|p2a: Seismitoad|Seismitoad, M|100/100
|-activate|p2a: Seismitoad|move: Sticky Web
|-unboost|p2a: Seismitoad|spe|1
|-damage|p2a: Seismitoad|95/100|[from] Stealth Rock
|move|p1a: Orbeetle|U-turn|p2a: Seismitoad
|-damage|p2a: Seismitoad|78/100
|
|switch|p1a: Inteleon|Inteleon, M|100/100|[from]move: U-turn
|
|-weather|RainDance|[upkeep]
|upkeep
|turn|9
|
|move|p1a: Inteleon|Ice Beam|p2a: Seismitoad
|-damage|p2a: Seismitoad|23/100
|move|p2a: Seismitoad|Sludge Wave|p1a: Inteleon
|-damage|p1a: Inteleon|44/100
|-damage|p2a: Seismitoad|13/100|[from] item: Life Orb
|
|-weather|RainDance|[upkeep]
|upkeep
|turn|10
|
|move|p1a: Inteleon|Ice Beam|p2a: Seismitoad
|-damage|p2a: Seismitoad|0 fnt
|faint|p2a: Seismitoad
|
|-weather|RainDance|[upkeep]
|upkeep
|
|switch|p2a: Cinccino|Cinccino, F|100/100
|-activate|p2a: Cinccino|move: Sticky Web
|-unboost|p2a: Cinccino|spe|1
|-damage|p2a: Cinccino|88/100|[from] Stealth Rock
|turn|11
|
|move|p1a: Inteleon|Ice Beam|p2a: Cinccino
|-damage|p2a: Cinccino|4/100
|move|p2a: Cinccino|Bullet Seed|p1a: Inteleon
|-supereffective|p1a: Inteleon
|-damage|p1a: Inteleon|15/100
|-supereffective|p1a: Inteleon
|-damage|p1a: Inteleon|0 fnt
|-hitcount|p1a: Inteleon|2
|faint|p1a: Inteleon
|
|-weather|none
|upkeep
|
|switch|p1a: Rapidash|Rapidash-Galar, M|100/100
|turn|12
|
|move|p1a: Rapidash|Zen Headbutt|p2a: Cinccino|[miss]
|-miss|p1a: Rapidash|p2a: Cinccino
|move|p2a: Cinccino|Bullet Seed|p1a: Rapidash
|-damage|p1a: Rapidash|88/100
|-damage|p1a: Rapidash|75/100
|-damage|p1a: Rapidash|61/100
|-damage|p1a: Rapidash|47/100
|-damage|p1a: Rapidash|34/100
|-hitcount|p1a: Rapidash|5
|
|upkeep
|turn|13
|
|switch|p1a: Orbeetle|Orbeetle, F|82/100
|-item|p2a: Cinccino|Choice Scarf|[from] ability: Frisk|[of] p1a: Orbeetle|[identify]
|move|p2a: Cinccino|Bullet Seed|p1a: Orbeetle
|-resisted|p1a: Orbeetle
|-damage|p1a: Orbeetle|79/100
|-resisted|p1a: Orbeetle
|-damage|p1a: Orbeetle|76/100
|-resisted|p1a: Orbeetle
|-damage|p1a: Orbeetle|73/100
|-resisted|p1a: Orbeetle
|-damage|p1a: Orbeetle|70/100
|-resisted|p1a: Orbeetle
|-damage|p1a: Orbeetle|68/100
|-hitcount|p1a: Orbeetle|5
|
|upkeep
|turn|14
|
|switch|p2a: Tyranitar|Tyranitar, F|3/100
|-activate|p2a: Tyranitar|move: Sticky Web
|-unboost|p2a: Tyranitar|spe|1
|-damage|p2a: Tyranitar|0 fnt|[from] Stealth Rock
|faint|p2a: Tyranitar
|move|p1a: Orbeetle|U-turn|p2: Tyranitar|[notarget]
|-fail|p1a: Orbeetle
|
|upkeep
|
|switch|p2a: Excadrill|Excadrill, M|100/100
|-activate|p2a: Excadrill|move: Sticky Web
|-unboost|p2a: Excadrill|spe|1
|-damage|p2a: Excadrill|98/100|[from] Stealth Rock
|turn|15
|
|move|p1a: Orbeetle|U-turn|p2a: Excadrill
|-resisted|p2a: Excadrill
|-damage|p2a: Excadrill|88/100
|
|switch|p1a: Runerigus|Runerigus, F|48/100|[from]move: U-turn
|move|p2a: Excadrill|Rapid Spin|p1a: Runerigus
|-immune|p1a: Runerigus
|
|-heal|p1a: Runerigus|54/100|[from] item: Leftovers
|upkeep
|turn|16
|
|move|p2a: Excadrill|Earthquake|p1a: Runerigus
|-damage|p1a: Runerigus|15/100
|move|p1a: Runerigus|Earthquake|p2a: Excadrill
|-supereffective|p2a: Excadrill
|-enditem|p2a: Excadrill|Shuca Berry|[eat]
|-enditem|p2a: Excadrill|Shuca Berry|[weaken]
|-damage|p2a: Excadrill|22/100
|
|-heal|p1a: Runerigus|22/100|[from] item: Leftovers
|upkeep
|turn|17
|
|move|p2a: Excadrill|Earthquake|p1a: Runerigus
|-damage|p1a: Runerigus|0 fnt
|faint|p1a: Runerigus
|
|upkeep
|
|switch|p1a: Rapidash|Rapidash-Galar, M|34/100
|turn|18
|
|move|p1a: Rapidash|High Horsepower|p2a: Excadrill
|-supereffective|p2a: Excadrill
|-damage|p2a: Excadrill|0 fnt
|faint|p2a: Excadrill
|
|upkeep
|
|switch|p2a: Cinccino|Cinccino, F|4/100
|-activate|p2a: Cinccino|move: Sticky Web
|-unboost|p2a: Cinccino|spe|1
|-damage|p2a: Cinccino|0 fnt|[from] Stealth Rock
|faint|p2a: Cinccino
|
|switch|p2a: Chandelure|Chandelure, M|100/100
|-activate|p2a: Chandelure|move: Sticky Web
|-unboost|p2a: Chandelure|spe|1
|-damage|p2a: Chandelure|76/100|[from] Stealth Rock
|turn|19
|
|move|p1a: Rapidash|High Horsepower|p2a: Chandelure
|-supereffective|p2a: Chandelure
|-damage|p2a: Chandelure|14/100
|move|p2a: Chandelure|Will-O-Wisp|p1a: Rapidash|[miss]
|-miss|p2a: Chandelure|p1a: Rapidash
|
|-heal|p2a: Chandelure|21/100|[from] item: Leftovers
|upkeep
|turn|20
|
|move|p1a: Rapidash|High Horsepower|p2a: Chandelure
|-supereffective|p2a: Chandelure
|-damage|p2a: Chandelure|0 fnt
|faint|p2a: Chandelure
|
|upkeep
|
|switch|p2a: Toxtricity|Toxtricity, F|100/100
|-damage|p2a: Toxtricity|88/100|[from] Stealth Rock
|-activate|p2a: Toxtricity|move: Sticky Web
|-unboost|p2a: Toxtricity|spe|1
|turn|21
|
|move|p1a: Rapidash|High Horsepower|p2a: Toxtricity
|-supereffective|p2a: Toxtricity
|-damage|p2a: Toxtricity|0 fnt
|faint|p2a: Toxtricity
|
|win|Toot doodser
|raw|Toot doodser's rating: 1046 → 1081(+35 for winning)
|raw|jRAndomWeeb's rating: 1064 → 1044(-20 for losing)
