|ScrapeTime|2020-01-02-01:42:29
|j|☆FerHorta
|j|☆The drunk Spinda
|player|p1|FerHorta|101|1458
|player|p2|The drunk Spinda|261|1502
|teamsize|p1|6
|teamsize|p2|6
|gametype|singles
|gen|8
|tier|[Gen 8] OU
|rated|
|rule|Sleep Clause Mod: Limit one foe put to sleep
|rule|Species Clause: Limit one of each Pokémon
|rule|OHKO Clause: OHKO moves are banned
|rule|Evasion Moves Clause: Evasion moves are banned
|rule|Endless Battle Clause: Forcing endless battles is banned
|rule|HP Percentage Mod: HP is shown in percentages
|clearpoke
|poke|p1|Corsola-Galar, F|
|poke|p1|Dragapult, M|
|poke|p1|Cinderace, F|
|poke|p1|Tyranitar, M|
|poke|p1|Togekiss, M|
|poke|p1|Ferrothorn, M|
|poke|p2|Cinderace, F|
|poke|p2|Obstagoon, M|
|poke|p2|Seismitoad, M|
|poke|p2|Corviknight, F|
|poke|p2|Gengar, F|
|poke|p2|Dragapult, F|
|rule|Dynamax Clause: You cannot dynamax
|teampreview
|inactive|Battle timer is ON: inactive players will automatically lose when time's up. (requested by The drunk Spinda)
|
|start
|switch|p1a: Ferrothorn|Ferrothorn, M, shiny|100/100
|switch|p2a: Cinderace|Cinderace, F|100/100
|turn|1
|
|switch|p1a: Corsola|Corsola-Galar, F|100/100
|move|p2a: Cinderace|Pyro Ball|p1a: Corsola
|-damage|p1a: Corsola|57/100
|-start|p2a: Cinderace|Disable|Pyro Ball|[from] ability: Cursed Body|[of] p1a: Corsola
|
|upkeep
|turn|2
|
|switch|p2a: Dragapult|Dragapult, F|100/100
|move|p1a: Corsola|Strength Sap|p2a: Dragapult
|-unboost|p2a: Dragapult|atk|1
|-heal|p1a: Corsola|100/100
|
|upkeep
|turn|3
|
|switch|p1a: Tyranitar|Tyranitar, M|100/100
|-weather|Sandstorm|[from] ability: Sand Stream|[of] p1a: Tyranitar
|move|p2a: Dragapult|U-turn|p1a: Tyranitar
|-supereffective|p1a: Tyranitar
|-damage|p1a: Tyranitar|84/100
|
|switch|p2a: Obstagoon|Obstagoon, M, shiny|100/100|[from]move: U-turn
|
|-weather|Sandstorm|[upkeep]
|-damage|p2a: Obstagoon|94/100|[from] Sandstorm
|-heal|p1a: Tyranitar|90/100|[from] item: Leftovers
|-status|p2a: Obstagoon|brn|[from] item: Flame Orb
|upkeep
|turn|4
|
|move|p2a: Obstagoon|Close Combat|p1a: Tyranitar
|-supereffective|p1a: Tyranitar
|-damage|p1a: Tyranitar|0 fnt
|-unboost|p2a: Obstagoon|def|1
|-unboost|p2a: Obstagoon|spd|1
|faint|p1a: Tyranitar
|
|-weather|Sandstorm|[upkeep]
|-damage|p2a: Obstagoon|88/100 brn|[from] Sandstorm
|-damage|p2a: Obstagoon|82/100 brn|[from] brn
|upkeep
|
|switch|p1a: Cinderace|Cinderace, F|100/100
|turn|5
|
|switch|p2a: Seismitoad|Seismitoad, M|100/100
|move|p1a: Cinderace|Gunk Shot|p2a: Seismitoad
|-resisted|p2a: Seismitoad
|-damage|p2a: Seismitoad|86/100
|-status|p2a: Seismitoad|psn
|
|-weather|Sandstorm|[upkeep]
|-damage|p1a: Cinderace|95/100|[from] Sandstorm
|-heal|p2a: Seismitoad|92/100 psn|[from] item: Leftovers
|-damage|p2a: Seismitoad|80/100 psn|[from] psn
|upkeep
|turn|6
|
|switch|p1a: Ferrothorn|Ferrothorn, M, shiny|100/100
|switch|p2a: Cinderace|Cinderace, F|100/100
|
|-weather|Sandstorm|[upkeep]
|-damage|p2a: Cinderace|95/100|[from] Sandstorm
|upkeep
|turn|7
|
|switch|p1a: Corsola|Corsola-Galar, F|100/100
|move|p2a: Cinderace|Pyro Ball|p1a: Corsola|[miss]
|-miss|p2a: Cinderace|p1a: Corsola
|
|-weather|none
|upkeep
|turn|8
|
|switch|p2a: Gengar|Gengar, F, shiny|100/100
|move|p1a: Corsola|Strength Sap|p2a: Gengar
|-unboost|p2a: Gengar|atk|1
|
|upkeep
|turn|9
|
|move|p2a: Gengar|Shadow Ball|p1a: Corsola
|-supereffective|p1a: Corsola
|-damage|p1a: Corsola|41/100
|-start|p2a: Gengar|Disable|Shadow Ball|[from] ability: Cursed Body|[of] p1a: Corsola
|-unboost|p1a: Corsola|spd|1
|move|p1a: Corsola|Stealth Rock|p2a: Gengar
|-sidestart|p2: The drunk Spinda|move: Stealth Rock
|
|upkeep
|turn|10
|
|switch|p2a: Cinderace|Cinderace, F|95/100
|move|p1a: Corsola|Strength Sap|p2a: Cinderace
|-unboost|p2a: Cinderace|atk|1
|-heal|p1a: Corsola|100/100
|
|upkeep
|turn|11
|
|move|p2a: Cinderace|Pyro Ball|p1a: Corsola
|-damage|p1a: Corsola|74/100
|move|p1a: Corsola|Stealth Rock||[still]
|-fail|p1a: Corsola
|
|upkeep
|turn|12
|
|switch|p2a: Gengar|Gengar, F, shiny|100/100
|-damage|p2a: Gengar|88/100|[from] Stealth Rock
|move|p1a: Corsola|Night Shade|p2a: Gengar
|-damage|p2a: Gengar|50/100
|-start|p1a: Corsola|Disable|Night Shade|[from] ability: Cursed Body|[of] p2a: Gengar
|
|upkeep
|turn|13
|
|move|p2a: Gengar|Shadow Ball|p1a: Corsola
|-supereffective|p1a: Corsola
|-damage|p1a: Corsola|0 fnt
|faint|p1a: Corsola
|
|upkeep
|
|switch|p1a: Dragapult|Dragapult, M|100/100
|turn|14
|
|switch|p2a: Corviknight|Corviknight, F|100/100
|-damage|p2a: Corviknight|88/100|[from] Stealth Rock
|move|p1a: Dragapult|Sucker Punch||[still]
|-fail|p1a: Dragapult
|
|-heal|p2a: Corviknight|94/100|[from] item: Leftovers
|upkeep
|turn|15
|
|switch|p1a: Ferrothorn|Ferrothorn, M, shiny|100/100
|move|p2a: Corviknight|Defog|p1a: Ferrothorn
|-unboost|p1a: Ferrothorn|evasion|1
|-sideend|p2: The drunk Spinda|Stealth Rock|[from] move: Defog|[of] p2a: Corviknight
|
|-heal|p2a: Corviknight|100/100|[from] item: Leftovers
|upkeep
|turn|16
|
|switch|p2a: Cinderace|Cinderace, F|95/100
|move|p1a: Ferrothorn|Leech Seed|p2a: Cinderace
|-start|p2a: Cinderace|move: Leech Seed
|
|-damage|p2a: Cinderace|82/100|[from] Leech Seed|[of] p1a: Ferrothorn
|upkeep
|turn|17
|
|switch|p2a: Dragapult|Dragapult, F|100/100
|move|p1a: Ferrothorn|Thunder Wave|p2a: Dragapult
|-status|p2a: Dragapult|par
|
|upkeep
|turn|18
|
|move|p2a: Dragapult|Fire Blast|p1a: Ferrothorn
|-supereffective|p1a: Ferrothorn
|-damage|p1a: Ferrothorn|0 fnt
|faint|p1a: Ferrothorn
|
|upkeep
|
|switch|p1a: Dragapult|Dragapult, M|100/100
|turn|19
|
|switch|p2a: Corviknight|Corviknight, F|100/100
|move|p1a: Dragapult|Dragon Darts|p2a: Corviknight
|-resisted|p2a: Corviknight
|-damage|p2a: Corviknight|88/100
|-resisted|p2a: Corviknight
|-damage|p2a: Corviknight|75/100
|-hitcount|p2a: Corviknight|2
|-damage|p1a: Dragapult|91/100|[from] item: Life Orb
|
|-heal|p2a: Corviknight|81/100|[from] item: Leftovers
|upkeep
|turn|20
|
|switch|p1a: Togekiss|Togekiss, M|100/100
|move|p2a: Corviknight|Iron Head|p1a: Togekiss
|-supereffective|p1a: Togekiss
|-damage|p1a: Togekiss|46/100
|
|-heal|p2a: Corviknight|87/100|[from] item: Leftovers
|upkeep
|turn|21
|
|move|p1a: Togekiss|Trick|p2a: Corviknight
|-activate|p1a: Togekiss|move: Trick|[of] p2a: Corviknight
|-item|p2a: Corviknight|Choice Scarf|[from] move: Trick
|-item|p1a: Togekiss|Leftovers|[from] move: Trick
|move|p2a: Corviknight|Iron Head|p1a: Togekiss
|-supereffective|p1a: Togekiss
|-damage|p1a: Togekiss|0 fnt
|faint|p1a: Togekiss
|
|upkeep
|
|switch|p1a: Cinderace|Cinderace, F|95/100
|turn|22
|
|switch|p2a: Seismitoad|Seismitoad, M|80/100 psn
|move|p1a: Cinderace|Pyro Ball|p2a: Seismitoad
|-resisted|p2a: Seismitoad
|-damage|p2a: Seismitoad|59/100 psn
|
|-heal|p2a: Seismitoad|65/100 psn|[from] item: Leftovers
|-damage|p2a: Seismitoad|53/100 psn|[from] psn
|upkeep
|turn|23
|
|move|p1a: Cinderace|High Jump Kick|p2a: Seismitoad
|-damage|p2a: Seismitoad|21/100 psn
|move|p2a: Seismitoad|Stealth Rock|p1a: Cinderace
|-sidestart|p1: FerHorta|move: Stealth Rock
|
|-heal|p2a: Seismitoad|27/100 psn|[from] item: Leftovers
|-damage|p2a: Seismitoad|15/100 psn|[from] psn
|upkeep
|turn|24
|
|move|p1a: Cinderace|Pyro Ball|p2a: Seismitoad
|-resisted|p2a: Seismitoad
|-damage|p2a: Seismitoad|0 fnt
|faint|p2a: Seismitoad
|
|upkeep
|
|switch|p2a: Dragapult|Dragapult, F|100/100 par
|turn|25
|inactive|FerHorta has 120 seconds left.
|
|move|p1a: Cinderace|Pyro Ball|p2a: Dragapult
|-resisted|p2a: Dragapult
|-damage|p2a: Dragapult|63/100 par
|move|p2a: Dragapult|Draco Meteor|p1a: Cinderace
|-damage|p1a: Cinderace|9/100
|-unboost|p2a: Dragapult|spa|2
|
|upkeep
|turn|26
|
|move|p1a: Cinderace|Pyro Ball|p2a: Dragapult
|-resisted|p2a: Dragapult
|-damage|p2a: Dragapult|9/100 par
|move|p2a: Dragapult|Draco Meteor|p1a: Cinderace
|-damage|p1a: Cinderace|0 fnt
|-unboost|p2a: Dragapult|spa|2
|faint|p1a: Cinderace
|
|upkeep
|
|switch|p1a: Dragapult|Dragapult, M|91/100
|-damage|p1a: Dragapult|78/100|[from] Stealth Rock
|turn|27
|
|move|p1a: Dragapult|Dragon Darts|p2a: Dragapult
|-supereffective|p2a: Dragapult
|-damage|p2a: Dragapult|0 fnt
|-hitcount|p2a: Dragapult|1
|-damage|p1a: Dragapult|69/100|[from] item: Life Orb
|faint|p2a: Dragapult
|
|upkeep
|
|switch|p2a: Corviknight|Corviknight, F|87/100
|turn|28
|
|move|p1a: Dragapult|Dragon Darts|p2a: Corviknight
|-resisted|p2a: Corviknight
|-damage|p2a: Corviknight|74/100
|-resisted|p2a: Corviknight
|-damage|p2a: Corviknight|60/100
|-hitcount|p2a: Corviknight|2
|-damage|p1a: Dragapult|59/100|[from] item: Life Orb
|move|p2a: Corviknight|Iron Head|p1a: Dragapult
|-damage|p1a: Dragapult|19/100
|
|upkeep
|turn|29
|-message|FerHorta forfeited.
|
|win|The drunk Spinda
|l|☆FerHorta
|raw|FerHorta's rating: 1458 → 1439(-19 for losing)
|raw|The drunk Spinda's rating: 1485 → 1504(+19 for winning)
