|ScrapeTime|2020-01-03-00:44:26
|j|☆Stefbryant24
|j|☆Upward Trend
|player|p1|Stefbryant24|unknown|1660
|player|p2|Upward Trend|ghetsis-gen5bw|1701
|teamsize|p1|6
|teamsize|p2|6
|gametype|singles
|gen|8
|tier|[Gen 8] OU
|rated|
|rule|Sleep Clause Mod: Limit one foe put to sleep
|rule|Species Clause: Limit one of each Pokémon
|rule|OHKO Clause: OHKO moves are banned
|rule|Evasion Moves Clause: Evasion moves are banned
|rule|Endless Battle Clause: Forcing endless battles is banned
|rule|HP Percentage Mod: HP is shown in percentages
|clearpoke
|poke|p1|Togekiss, M|
|poke|p1|Seismitoad, M|
|poke|p1|Dragapult, F|
|poke|p1|Tyranitar, M|
|poke|p1|Rotom-Heat|
|poke|p1|Corviknight, F|
|poke|p2|Pelipper, F|
|poke|p2|Drednaw, F|
|poke|p2|Ferrothorn, M|
|poke|p2|Toxicroak, M|
|poke|p2|Duraludon, F|
|poke|p2|Rotom-Wash|
|rule|Dynamax Clause: You cannot dynamax
|teampreview
|j| Baloor
|j| PhantomZoro
|c|☆Upward Trend|whats the point of ttar
|c|☆Upward Trend|its a shit mon
|inactive|Battle timer is ON: inactive players will automatically lose when time's up. (requested by Stefbryant24)
|
|start
|switch|p1a: Seismitoad|Seismitoad, M|100/100
|switch|p2a: Ferrothorn|Ferrothorn, M|100/100
|turn|1
|
|switch|p1a: Rotom|Rotom-Heat|100/100
|move|p2a: Ferrothorn|Spikes|p1a: Rotom
|-sidestart|p1: Stefbryant24|Spikes
|
|upkeep
|turn|2
|
|move|p2a: Ferrothorn|Protect|p2a: Ferrothorn
|-singleturn|p2a: Ferrothorn|Protect
|move|p1a: Rotom|Volt Switch|p2a: Ferrothorn
|-activate|p2a: Ferrothorn|move: Protect
|
|upkeep
|turn|3
|
|move|p1a: Rotom|Volt Switch|p2a: Ferrothorn
|-resisted|p2a: Ferrothorn
|-damage|p2a: Ferrothorn|87/100
|
|switch|p1a: AHSAN219|Togekiss, M|100/100|[from]move: Volt Switch
|move|p2a: Ferrothorn|Leech Seed|p1a: AHSAN219
|-start|p1a: AHSAN219|move: Leech Seed
|
|-heal|p2a: Ferrothorn|93/100|[from] item: Leftovers
|-damage|p1a: AHSAN219|88/100|[from] Leech Seed|[of] p2a: Ferrothorn
|-heal|p2a: Ferrothorn|100/100|[silent]
|upkeep
|turn|4
|
|switch|p2a: Pelipper|Pelipper, F|100/100
|-weather|RainDance|[from] ability: Drizzle|[of] p2a: Pelipper
|move|p1a: AHSAN219|Trick|p2a: Pelipper
|-activate|p1a: AHSAN219|move: Trick|[of] p2a: Pelipper
|-item|p2a: Pelipper|Choice Specs|[from] move: Trick
|-item|p1a: AHSAN219|Damp Rock|[from] move: Trick
|
|-weather|RainDance|[upkeep]
|-damage|p1a: AHSAN219|76/100|[from] Leech Seed|[of] p2a: Pelipper
|upkeep
|turn|5
|
|switch|p1a: Seismitoad|Seismitoad, M|100/100
|-damage|p1a: Seismitoad|88/100|[from] Spikes
|move|p2a: Pelipper|Hurricane|p1a: Seismitoad
|-damage|p1a: Seismitoad|26/100
|
|-weather|RainDance|[upkeep]
|-heal|p1a: Seismitoad|32/100|[from] item: Leftovers
|upkeep
|turn|6
|
|switch|p1a: Tyranitar|Tyranitar, M|100/100
|-damage|p1a: Tyranitar|88/100|[from] Spikes
|-weather|Sandstorm|[from] ability: Sand Stream|[of] p1a: Tyranitar
|switch|p2a: Ferrothorn|Ferrothorn, M|100/100
|
|-weather|Sandstorm|[upkeep]
|-heal|p1a: Tyranitar|94/100|[from] item: Leftovers
|upkeep
|turn|7
|
|move|p1a: Tyranitar|Dragon Dance|p1a: Tyranitar
|-boost|p1a: Tyranitar|atk|1
|-boost|p1a: Tyranitar|spe|1
|move|p2a: Ferrothorn|Power Whip|p1a: Tyranitar|[miss]
|-miss|p2a: Ferrothorn|p1a: Tyranitar
|
|-weather|Sandstorm|[upkeep]
|-heal|p1a: Tyranitar|100/100|[from] item: Leftovers
|upkeep
|turn|8
|
|move|p1a: Tyranitar|Fire Punch|p2a: Ferrothorn
|-supereffective|p2a: Ferrothorn
|-damage|p2a: Ferrothorn|0 fnt
|-damage|p1a: Tyranitar|88/100|[from] ability: Iron Barbs|[of] p2a: Ferrothorn
|faint|p2a: Ferrothorn
|
|-weather|Sandstorm|[upkeep]
|-heal|p1a: Tyranitar|94/100|[from] item: Leftovers
|upkeep
|
|switch|p2a: Rotom|Rotom-Wash|100/100
|turn|9
|
|switch|p1a: Seismitoad|Seismitoad, M|32/100
|-damage|p1a: Seismitoad|20/100|[from] Spikes
|move|p2a: Rotom|Trick|p1a: Seismitoad
|-activate|p2a: Rotom|move: Trick|[of] p1a: Seismitoad
|-item|p1a: Seismitoad|Choice Scarf|[from] move: Trick
|-item|p2a: Rotom|Leftovers|[from] move: Trick
|
|-weather|Sandstorm|[upkeep]
|-damage|p2a: Rotom|94/100|[from] Sandstorm
|-heal|p2a: Rotom|100/100|[from] item: Leftovers
|upkeep
|turn|10
|
|switch|p2a: Duraludon|Duraludon, F|100/100
|move|p1a: Seismitoad|Stealth Rock|p2a: Duraludon
|-sidestart|p2: Upward Trend|move: Stealth Rock
|
|-weather|none
|upkeep
|turn|11
|
|switch|p1a: Rotom|Rotom-Heat|100/100
|move|p2a: Duraludon|Stealth Rock|p1a: Rotom
|-sidestart|p1: Stefbryant24|move: Stealth Rock
|
|upkeep
|turn|12
|
|switch|p2a: Rotom|Rotom-Wash|100/100
|-damage|p2a: Rotom|88/100|[from] Stealth Rock
|move|p1a: Rotom|Overheat|p2a: Rotom
|-resisted|p2a: Rotom
|-damage|p2a: Rotom|49/100
|-unboost|p1a: Rotom|spa|2
|
|-heal|p2a: Rotom|55/100|[from] item: Leftovers
|upkeep
|turn|13
|
|switch|p1a: Corviknight|Corviknight, F|100/100
|-damage|p1a: Corviknight|88/100|[from] Stealth Rock
|-ability|p1a: Corviknight|Pressure
|switch|p2a: Duraludon|Duraludon, F|100/100
|-damage|p2a: Duraludon|94/100|[from] Stealth Rock
|
|-heal|p2a: Duraludon|100/100|[from] item: Leftovers
|-heal|p1a: Corviknight|94/100|[from] item: Leftovers
|upkeep
|turn|14
|
|move|p2a: Duraludon|Thunder|p1a: Corviknight|[miss]
|-miss|p2a: Duraludon|p1a: Corviknight
|move|p1a: Corviknight|Defog|p2a: Duraludon
|-unboost|p2a: Duraludon|evasion|1
|-sideend|p2: Upward Trend|Stealth Rock|[from] move: Defog|[of] p1a: Corviknight
|-sideend|p1: Stefbryant24|Spikes|[from] move: Defog|[of] p1a: Corviknight
|-sideend|p1: Stefbryant24|Stealth Rock|[from] move: Defog|[of] p1a: Corviknight
|
|-heal|p1a: Corviknight|99/100|[from] item: Leftovers
|upkeep
|turn|15
|
|move|p2a: Duraludon|Stealth Rock|p1a: Corviknight
|-sidestart|p1: Stefbryant24|move: Stealth Rock
|move|p1a: Corviknight|U-turn|p2a: Duraludon
|-resisted|p2a: Duraludon
|-damage|p2a: Duraludon|93/100
|
|switch|p1a: Dragapult|Dragapult, F|100/100|[from]move: U-turn
|-damage|p1a: Dragapult|88/100|[from] Stealth Rock
|
|-heal|p2a: Duraludon|99/100|[from] item: Leftovers
|upkeep
|turn|16
|l| Baloor
|
|move|p1a: Dragapult|Dragon Darts|p2a: Duraludon
|-damage|p2a: Duraludon|58/100
|-crit|p2a: Duraludon
|-damage|p2a: Duraludon|4/100
|-hitcount|p2a: Duraludon|2
|move|p2a: Duraludon|Draco Meteor|p1a: Dragapult
|-supereffective|p1a: Dragapult
|-damage|p1a: Dragapult|0 fnt
|-unboost|p2a: Duraludon|spa|2
|faint|p1a: Dragapult
|
|-heal|p2a: Duraludon|10/100|[from] item: Leftovers
|upkeep
|
|switch|p1a: Rotom|Rotom-Heat|100/100
|-damage|p1a: Rotom|76/100|[from] Stealth Rock
|turn|17
|
|switch|p2a: Rotom|Rotom-Wash|55/100
|move|p1a: Rotom|Volt Switch|p2a: Rotom
|-damage|p2a: Rotom|15/100
|
|switch|p1a: Seismitoad|Seismitoad, M|20/100|[from]move: Volt Switch
|-damage|p1a: Seismitoad|14/100|[from] Stealth Rock
|
|-heal|p2a: Rotom|22/100|[from] item: Leftovers
|upkeep
|turn|18
|
|switch|p2a: Pelipper|Pelipper, F|100/100
|-weather|RainDance|[from] ability: Drizzle|[of] p2a: Pelipper
|move|p1a: Seismitoad|Stealth Rock|p2a: Pelipper
|-sidestart|p2: Upward Trend|move: Stealth Rock
|
|-weather|RainDance|[upkeep]
|upkeep
|turn|19
|
|switch|p1a: Tyranitar|Tyranitar, M|94/100
|-damage|p1a: Tyranitar|82/100|[from] Stealth Rock
|-weather|Sandstorm|[from] ability: Sand Stream|[of] p1a: Tyranitar
|move|p2a: Pelipper|U-turn|p1a: Tyranitar
|-supereffective|p1a: Tyranitar
|-damage|p1a: Tyranitar|65/100
|
|switch|p2a: Duraludon|Duraludon, F|10/100|[from]move: U-turn
|-damage|p2a: Duraludon|4/100|[from] Stealth Rock
|
|-weather|Sandstorm|[upkeep]
|-heal|p2a: Duraludon|10/100|[from] item: Leftovers
|-heal|p1a: Tyranitar|71/100|[from] item: Leftovers
|upkeep
|turn|20
|
|move|p2a: Duraludon|Flash Cannon|p1a: Tyranitar
|-supereffective|p1a: Tyranitar
|-damage|p1a: Tyranitar|15/100
|-unboost|p1a: Tyranitar|spd|1
|move|p1a: Tyranitar|Fire Punch|p2a: Duraludon
|-damage|p2a: Duraludon|0 fnt
|faint|p2a: Duraludon
|
|-weather|Sandstorm|[upkeep]
|-heal|p1a: Tyranitar|21/100|[from] item: Leftovers
|upkeep
|
|switch|p2a: Pelipper|Pelipper, F|100/100
|-damage|p2a: Pelipper|75/100|[from] Stealth Rock
|-weather|RainDance|[from] ability: Drizzle|[of] p2a: Pelipper
|turn|21
|
|switch|p1a: Seismitoad|Seismitoad, M|14/100
|-damage|p1a: Seismitoad|8/100|[from] Stealth Rock
|switch|p2a: Toxicroak|Toxicroak, M|100/100
|-damage|p2a: Toxicroak|95/100|[from] Stealth Rock
|
|-weather|RainDance|[upkeep]
|-heal|p2a: Toxicroak|100/100|[from] ability: Dry Skin
|upkeep
|turn|22
|
|move|p2a: Toxicroak|Protect|p2a: Toxicroak
|-singleturn|p2a: Toxicroak|Protect
|move|p1a: Seismitoad|Earth Power|p2a: Toxicroak
|-activate|p2a: Toxicroak|move: Protect
|
|-weather|RainDance|[upkeep]
|upkeep
|turn|23
|
|switch|p2a: Rotom|Rotom-Wash|22/100
|-damage|p2a: Rotom|9/100|[from] Stealth Rock
|move|p1a: Seismitoad|Earth Power|p2a: Rotom
|-immune|p2a: Rotom|[from] ability: Levitate
|
|-weather|RainDance|[upkeep]
|-heal|p2a: Rotom|15/100|[from] item: Leftovers
|upkeep
|turn|24
|
|move|p1a: Seismitoad|Earth Power|p2a: Rotom
|-immune|p2a: Rotom|[from] ability: Levitate
|move|p2a: Rotom|Volt Switch|p1a: Seismitoad
|-immune|p1a: Seismitoad
|
|-weather|RainDance|[upkeep]
|-heal|p2a: Rotom|22/100|[from] item: Leftovers
|upkeep
|turn|25
|
|switch|p1a: Rotom|Rotom-Heat|76/100
|-damage|p1a: Rotom|51/100|[from] Stealth Rock
|move|p2a: Rotom|Volt Switch|p1a: Rotom
|-resisted|p1a: Rotom
|-damage|p1a: Rotom|30/100
|
|switch|p2a: Drednaw|Drednaw, F|100/100|[from]move: Volt Switch
|-damage|p2a: Drednaw|88/100|[from] Stealth Rock
|
|-weather|none
|upkeep
|turn|26
|
|switch|p2a: Rotom|Rotom-Wash|22/100
|-damage|p2a: Rotom|9/100|[from] Stealth Rock
|move|p1a: Rotom|Thunderbolt|p2a: Rotom
|-damage|p2a: Rotom|0 fnt
|faint|p2a: Rotom
|
|upkeep
|
|switch|p2a: Toxicroak|Toxicroak, M|100/100
|-damage|p2a: Toxicroak|95/100|[from] Stealth Rock
|turn|27
|
|switch|p1a: Corviknight|Corviknight, F|99/100
|-damage|p1a: Corviknight|88/100|[from] Stealth Rock
|-ability|p1a: Corviknight|Pressure
|move|p2a: Toxicroak|Drain Punch|p1a: Corviknight
|-damage|p1a: Corviknight|61/100
|-heal|p2a: Toxicroak|100/100|[from] drain|[of] p1a: Corviknight
|
|-heal|p1a: Corviknight|67/100|[from] item: Leftovers
|upkeep
|turn|28
|
|switch|p2a: Pelipper|Pelipper, F|75/100
|-damage|p2a: Pelipper|50/100|[from] Stealth Rock
|-weather|RainDance|[from] ability: Drizzle|[of] p2a: Pelipper
|move|p1a: Corviknight|Defog|p2a: Pelipper
|-unboost|p2a: Pelipper|evasion|1
|-sideend|p2: Upward Trend|Stealth Rock|[from] move: Defog|[of] p1a: Corviknight
|-sideend|p1: Stefbryant24|Stealth Rock|[from] move: Defog|[of] p1a: Corviknight
|
|-weather|RainDance|[upkeep]
|-heal|p1a: Corviknight|73/100|[from] item: Leftovers
|upkeep
|turn|29
|
|move|p1a: Corviknight|U-turn|p2a: Pelipper
|-resisted|p2a: Pelipper
|-damage|p2a: Pelipper|45/100
|
|switch|p1a: Seismitoad|Seismitoad, M|8/100|[from]move: U-turn
|move|p2a: Pelipper|Hurricane|p1a: Seismitoad
|-damage|p1a: Seismitoad|0 fnt
|faint|p1a: Seismitoad
|
|-weather|RainDance|[upkeep]
|upkeep
|
|switch|p1a: AHSAN219|Togekiss, M|76/100
|turn|30
|
|move|p1a: AHSAN219|Air Slash|p2a: Pelipper
|-damage|p2a: Pelipper|0 fnt
|faint|p2a: Pelipper
|
|-weather|RainDance|[upkeep]
|upkeep
|
|switch|p2a: Drednaw|Drednaw, F|88/100
|turn|31
|
|switch|p1a: Tyranitar|Tyranitar, M|21/100
|-weather|Sandstorm|[from] ability: Sand Stream|[of] p1a: Tyranitar
|move|p2a: Drednaw|Liquidation|p1a: Tyranitar
|-supereffective|p1a: Tyranitar
|-damage|p1a: Tyranitar|0 fnt
|-damage|p2a: Drednaw|78/100|[from] item: Life Orb
|faint|p1a: Tyranitar
|
|-weather|Sandstorm|[upkeep]
|upkeep
|
|switch|p1a: Rotom|Rotom-Heat|30/100
|turn|32
|
|switch|p2a: Toxicroak|Toxicroak, M|100/100
|move|p1a: Rotom|Thunderbolt|p2a: Toxicroak
|-damage|p2a: Toxicroak|45/100
|
|-weather|Sandstorm|[upkeep]
|-damage|p1a: Rotom|23/100|[from] Sandstorm
|-damage|p2a: Toxicroak|39/100|[from] Sandstorm
|-heal|p2a: Toxicroak|45/100|[from] item: Black Sludge
|upkeep
|turn|33
|
|switch|p1a: Corviknight|Corviknight, F|73/100
|-ability|p1a: Corviknight|Pressure
|move|p2a: Toxicroak|Drain Punch|p1a: Corviknight
|-damage|p1a: Corviknight|50/100
|-heal|p2a: Toxicroak|58/100|[from] drain|[of] p1a: Corviknight
|
|-weather|Sandstorm|[upkeep]
|-damage|p2a: Toxicroak|52/100|[from] Sandstorm
|-heal|p2a: Toxicroak|58/100|[from] item: Black Sludge
|-heal|p1a: Corviknight|56/100|[from] item: Leftovers
|upkeep
|turn|34
|
|switch|p2a: Drednaw|Drednaw, F|78/100
|move|p1a: Corviknight|Iron Head|p2a: Drednaw
|-damage|p2a: Drednaw|51/100
|
|-weather|Sandstorm|[upkeep]
|-heal|p1a: Corviknight|62/100|[from] item: Leftovers
|upkeep
|turn|35
|
|move|p2a: Drednaw|Liquidation|p1a: Corviknight
|-damage|p1a: Corviknight|17/100
|-damage|p2a: Drednaw|41/100|[from] item: Life Orb
|move|p1a: Corviknight|Iron Head|p2a: Drednaw
|-damage|p2a: Drednaw|13/100
|
|-weather|none
|-heal|p1a: Corviknight|23/100|[from] item: Leftovers
|upkeep
|turn|36
|
|move|p2a: Drednaw|Liquidation|p1a: Corviknight
|-damage|p1a: Corviknight|0 fnt
|-damage|p2a: Drednaw|3/100|[from] item: Life Orb
|faint|p1a: Corviknight
|
|upkeep
|
|switch|p1a: Rotom|Rotom-Heat|23/100
|turn|37
|
|move|p1a: Rotom|Thunderbolt|p2a: Drednaw
|-supereffective|p2a: Drednaw
|-damage|p2a: Drednaw|0 fnt
|faint|p2a: Drednaw
|
|upkeep
|
|switch|p2a: Toxicroak|Toxicroak, M|58/100
|turn|38
|
|move|p2a: Toxicroak|Protect|p2a: Toxicroak
|-singleturn|p2a: Toxicroak|Protect
|move|p1a: Rotom|Thunderbolt|p2a: Toxicroak
|-activate|p2a: Toxicroak|move: Protect
|
|-heal|p2a: Toxicroak|64/100|[from] item: Black Sludge
|upkeep
|turn|39
|
|move|p1a: Rotom|Thunderbolt|p2a: Toxicroak
|-damage|p2a: Toxicroak|14/100
|move|p2a: Toxicroak|Drain Punch|p1a: Rotom
|-damage|p1a: Rotom|0 fnt
|-heal|p2a: Toxicroak|21/100|[from] drain|[of] p1a: Rotom
|faint|p1a: Rotom
|
|-heal|p2a: Toxicroak|27/100|[from] item: Black Sludge
|upkeep
|
|switch|p1a: AHSAN219|Togekiss, M|76/100
|turn|40
|
|move|p2a: Toxicroak|Protect|p2a: Toxicroak
|-singleturn|p2a: Toxicroak|Protect
|move|p1a: AHSAN219|Dazzling Gleam|p2a: Toxicroak
|-activate|p2a: Toxicroak|move: Protect
|
|-heal|p2a: Toxicroak|33/100|[from] item: Black Sludge
|upkeep
|turn|41
|
|move|p1a: AHSAN219|Dazzling Gleam|p2a: Toxicroak
|-damage|p2a: Toxicroak|0 fnt
|faint|p2a: Toxicroak
|
|win|Stefbryant24
|raw|Stefbryant24's rating: 1660 → 1681(+21 for winning)
|raw|Upward Trend's rating: 1677 → 1656(-21 for losing)
|c|☆Upward Trend|lucky and bad
|c|☆Upward Trend|only way!
|c|☆Stefbryant24|ur bad
|l| PhantomZoro
|c|☆Stefbryant24|wah wah im a baby
