|ScrapeTime|2020-01-02-04:56:40
|j|☆KKirby
|j|☆C1K
|player|p1|KKirby|169|1597
|player|p2|C1K|266|1652
|teamsize|p1|6
|teamsize|p2|6
|gametype|singles
|gen|8
|tier|[Gen 8] OU
|rated|
|rule|Sleep Clause Mod: Limit one foe put to sleep
|rule|Species Clause: Limit one of each Pokémon
|rule|OHKO Clause: OHKO moves are banned
|rule|Evasion Moves Clause: Evasion moves are banned
|rule|Endless Battle Clause: Forcing endless battles is banned
|rule|HP Percentage Mod: HP is shown in percentages
|clearpoke
|poke|p1|Hatterene, F|
|poke|p1|Obstagoon, M|
|poke|p1|Corviknight, M|
|poke|p1|Seismitoad, F|
|poke|p1|Rotom-Heat|
|poke|p1|Sylveon, M|
|poke|p2|Hydreigon, M|
|poke|p2|Dragapult, M|
|poke|p2|Rotom-Heat|
|poke|p2|Seismitoad, M|
|poke|p2|Corviknight, M|
|poke|p2|Crawdaunt, F|
|rule|Dynamax Clause: You cannot dynamax
|teampreview
|j| Asuma123
|
|start
|switch|p1a: Corviknight|Corviknight, M|100/100
|switch|p2a: Dragapult|Dragapult, M|100/100
|-ability|p1a: Corviknight|Pressure
|turn|1
|
|switch|p1a: Sylveon|Sylveon, M|100/100
|move|p2a: Dragapult|U-turn|p1a: Sylveon
|-resisted|p1a: Sylveon
|-damage|p1a: Sylveon|92/100
|
|switch|p2a: Rotom|Rotom-Heat|100/100|[from]move: U-turn
|
|-heal|p1a: Sylveon|98/100|[from] item: Leftovers
|upkeep
|turn|2
|
|switch|p2a: Crawdaunt|Crawdaunt, F|100/100
|switch|p1a: Rotom|Rotom-Heat|100/100
|
|upkeep
|turn|3
|
|switch|p2a: Seismitoad|Seismitoad, M|100/100
|move|p1a: Rotom|Volt Switch|p2a: Seismitoad
|-immune|p2a: Seismitoad
|
|upkeep
|turn|4
|
|switch|p1a: Hatterene|Hatterene, F|100/100
|switch|p2a: Corviknight|Corviknight, M|100/100
|
|upkeep
|turn|5
|
|switch|p1a: Rotom|Rotom-Heat|100/100
|move|p2a: Corviknight|Iron Head|p1a: Rotom
|-resisted|p1a: Rotom
|-damage|p1a: Rotom|93/100
|
|upkeep
|turn|6
|
|switch|p2a: Rotom|Rotom-Heat|100/100
|move|p1a: Rotom|Trick|p2a: Rotom
|-activate|p1a: Rotom|move: Trick|[of] p2a: Rotom
|-item|p2a: Rotom|Choice Scarf|[from] move: Trick
|-item|p1a: Rotom|Heavy-Duty Boots|[from] move: Trick
|
|upkeep
|turn|7
|
|switch|p2a: Seismitoad|Seismitoad, M|100/100
|move|p1a: Rotom|Nasty Plot|p1a: Rotom
|-boost|p1a: Rotom|spa|2
|
|upkeep
|turn|8
|
|move|p1a: Rotom|Overheat|p2a: Seismitoad
|-resisted|p2a: Seismitoad
|-damage|p2a: Seismitoad|32/100
|-unboost|p1a: Rotom|spa|2
|move|p2a: Seismitoad|Scald|p1a: Rotom
|-supereffective|p1a: Rotom
|-damage|p1a: Rotom|30/100
|
|-heal|p2a: Seismitoad|38/100|[from] item: Leftovers
|upkeep
|turn|9
|
|switch|p1a: Hatterene|Hatterene, F|100/100
|switch|p2a: Dragapult|Dragapult, M|100/100
|
|upkeep
|turn|10
|
|switch|p1a: Sylveon|Sylveon, M|98/100
|move|p2a: Dragapult|U-turn|p1a: Sylveon
|-resisted|p1a: Sylveon
|-damage|p1a: Sylveon|91/100
|
|switch|p2a: Corviknight|Corviknight, M|100/100|[from]move: U-turn
|
|-heal|p1a: Sylveon|97/100|[from] item: Leftovers
|upkeep
|turn|11
|
|switch|p1a: Seismitoad|Seismitoad, F|100/100
|move|p2a: Corviknight|U-turn|p1a: Seismitoad
|-crit|p1a: Seismitoad
|-damage|p1a: Seismitoad|84/100
|
|switch|p2a: Crawdaunt|Crawdaunt, F|100/100|[from]move: U-turn
|
|-heal|p1a: Seismitoad|90/100|[from] item: Leftovers
|upkeep
|turn|12
|
|switch|p1a: Corviknight|Corviknight, M|100/100
|-ability|p1a: Corviknight|Pressure
|move|p2a: Crawdaunt|Swords Dance|p2a: Crawdaunt
|-boost|p2a: Crawdaunt|atk|2
|
|upkeep
|turn|13
|
|move|p2a: Crawdaunt|Knock Off|p1a: Corviknight
|-damage|p1a: Corviknight|0 fnt
|-enditem|p1a: Corviknight|Leftovers|[from] move: Knock Off|[of] p2a: Crawdaunt
|-damage|p2a: Crawdaunt|91/100|[from] item: Life Orb
|faint|p1a: Corviknight
|
|upkeep
|
|switch|p1a: Obstagoon|Obstagoon, M|100/100
|turn|14
|
|switch|p2a: Corviknight|Corviknight, M|100/100
|move|p1a: Obstagoon|Close Combat|p2a: Corviknight
|-damage|p2a: Corviknight|76/100
|-unboost|p1a: Obstagoon|def|1
|-unboost|p1a: Obstagoon|spd|1
|
|-heal|p2a: Corviknight|82/100|[from] item: Leftovers
|-status|p1a: Obstagoon|brn|[from] item: Flame Orb
|upkeep
|turn|15
|
|switch|p1a: Sylveon|Sylveon, M|97/100
|move|p2a: Corviknight|U-turn|p1a: Sylveon
|-resisted|p1a: Sylveon
|-damage|p1a: Sylveon|91/100
|
|switch|p2a: Rotom|Rotom-Heat|100/100|[from]move: U-turn
|
|-heal|p1a: Sylveon|97/100|[from] item: Leftovers
|upkeep
|turn|16
|
|move|p2a: Rotom|Volt Switch|p1a: Sylveon
|-damage|p1a: Sylveon|78/100
|
|switch|p2a: Corviknight|Corviknight, M|82/100|[from]move: Volt Switch
|move|p1a: Sylveon|Wish|p1a: Sylveon
|
|-heal|p2a: Corviknight|88/100|[from] item: Leftovers
|-heal|p1a: Sylveon|84/100|[from] item: Leftovers
|upkeep
|turn|17
|
|switch|p1a: Rotom|Rotom-Heat|30/100
|move|p2a: Corviknight|U-turn|p1a: Rotom
|-resisted|p1a: Rotom
|-crit|p1a: Rotom
|-damage|p1a: Rotom|15/100
|
|switch|p2a: Hydreigon|Hydreigon, M|100/100|[from]move: U-turn
|
|-heal|p1a: Rotom|97/100|[from] move: Wish|[wisher] Sylveon
|upkeep
|turn|18
|
|switch|p1a: Sylveon|Sylveon, M|84/100
|move|p2a: Hydreigon|Nasty Plot|p2a: Hydreigon
|-boost|p2a: Hydreigon|spa|2
|
|-heal|p1a: Sylveon|90/100|[from] item: Leftovers
|upkeep
|turn|19
|
|move|p2a: Hydreigon|Flash Cannon|p1a: Sylveon
|-supereffective|p1a: Sylveon
|-damage|p1a: Sylveon|0 fnt
|-damage|p2a: Hydreigon|91/100|[from] item: Life Orb
|faint|p1a: Sylveon
|
|upkeep
|
|switch|p1a: Obstagoon|Obstagoon, M|100/100 brn
|turn|20
|
|switch|p2a: Corviknight|Corviknight, M|88/100
|move|p1a: Obstagoon|Facade|p2a: Corviknight
|-resisted|p2a: Corviknight
|-damage|p2a: Corviknight|54/100
|
|-heal|p2a: Corviknight|61/100|[from] item: Leftovers
|-damage|p1a: Obstagoon|94/100 brn|[from] brn
|upkeep
|turn|21
|
|switch|p1a: Rotom|Rotom-Heat|97/100
|move|p2a: Corviknight|U-turn|p1a: Rotom
|-resisted|p1a: Rotom
|-damage|p1a: Rotom|88/100
|
|switch|p2a: Hydreigon|Hydreigon, M|91/100|[from]move: U-turn
|
|upkeep
|turn|22
|
|move|p2a: Hydreigon|Dark Pulse|p1a: Rotom
|-damage|p1a: Rotom|15/100
|-damage|p2a: Hydreigon|81/100|[from] item: Life Orb
|move|p1a: Rotom|Volt Switch|p2a: Hydreigon
|-resisted|p2a: Hydreigon
|-damage|p2a: Hydreigon|64/100
|
|switch|p1a: Obstagoon|Obstagoon, M|94/100 brn|[from]move: Volt Switch
|
|-damage|p1a: Obstagoon|88/100 brn|[from] brn
|upkeep
|turn|23
|
|switch|p2a: Seismitoad|Seismitoad, M|38/100
|move|p1a: Obstagoon|Close Combat|p2a: Seismitoad
|-damage|p2a: Seismitoad|0 fnt
|-unboost|p1a: Obstagoon|def|1
|-unboost|p1a: Obstagoon|spd|1
|faint|p2a: Seismitoad
|
|-damage|p1a: Obstagoon|82/100 brn|[from] brn
|upkeep
|inactive|Battle timer is ON: inactive players will automatically lose when time's up. (requested by KKirby)
|
|switch|p2a: Dragapult|Dragapult, M|100/100
|turn|24
|
|switch|p1a: Seismitoad|Seismitoad, F|90/100
|move|p2a: Dragapult|U-turn|p1a: Seismitoad
|-damage|p1a: Seismitoad|79/100
|
|switch|p2a: Crawdaunt|Crawdaunt, F|91/100|[from]move: U-turn
|
|-heal|p1a: Seismitoad|85/100|[from] item: Leftovers
|upkeep
|turn|25
|
|move|p2a: Crawdaunt|Knock Off|p1a: Seismitoad
|-damage|p1a: Seismitoad|27/100
|-enditem|p1a: Seismitoad|Leftovers|[from] move: Knock Off|[of] p2a: Crawdaunt
|-damage|p2a: Crawdaunt|81/100|[from] item: Life Orb
|move|p1a: Seismitoad|Earthquake|p2a: Crawdaunt
|-damage|p2a: Crawdaunt|28/100
|
|upkeep
|turn|26
|
|move|p2a: Crawdaunt|Knock Off|p1a: Seismitoad
|-damage|p1a: Seismitoad|0 fnt
|-damage|p2a: Crawdaunt|19/100|[from] item: Life Orb
|faint|p1a: Seismitoad
|
|upkeep
|
|switch|p1a: Obstagoon|Obstagoon, M|82/100 brn
|turn|27
|
|move|p2a: Crawdaunt|Aqua Jet|p1a: Obstagoon
|-damage|p1a: Obstagoon|44/100 brn
|-damage|p2a: Crawdaunt|9/100|[from] item: Life Orb
|move|p1a: Obstagoon|Knock Off|p2a: Crawdaunt
|-resisted|p2a: Crawdaunt
|-damage|p2a: Crawdaunt|0 fnt
|-enditem|p2a: Crawdaunt|Life Orb|[from] move: Knock Off|[of] p1a: Obstagoon
|faint|p2a: Crawdaunt
|
|-damage|p1a: Obstagoon|38/100 brn|[from] brn
|upkeep
|
|switch|p2a: Hydreigon|Hydreigon, M|64/100
|turn|28
|
|move|p2a: Hydreigon|Flamethrower|p1a: Obstagoon
|-damage|p1a: Obstagoon|0 fnt
|-damage|p2a: Hydreigon|54/100|[from] item: Life Orb
|faint|p1a: Obstagoon
|
|upkeep
|
|switch|p1a: Hatterene|Hatterene, F|100/100
|turn|29
|
|switch|p2a: Corviknight|Corviknight, M|61/100
|move|p1a: Hatterene|Trick Room|p1a: Hatterene
|-fieldstart|move: Trick Room|[of] p1a: Hatterene
|
|-heal|p2a: Corviknight|67/100|[from] item: Leftovers
|upkeep
|turn|30
|
|move|p1a: Hatterene|Mystical Fire|p2a: Corviknight
|-supereffective|p2a: Corviknight
|-damage|p2a: Corviknight|15/100
|-ability|p2a: Corviknight|Mirror Armor
|-unboost|p1a: Hatterene|spa|1
|-damage|p1a: Hatterene|91/100|[from] item: Life Orb
|move|p2a: Corviknight|Roost|p2a: Corviknight
|-heal|p2a: Corviknight|65/100
|-singleturn|p2a: Corviknight|move: Roost
|
|-heal|p2a: Corviknight|71/100|[from] item: Leftovers
|upkeep
|turn|31
|-message|KKirby forfeited.
|
|win|C1K
|l|☆KKirby
|raw|KKirby's rating: 1597 → 1580(-17 for losing)
|raw|C1K's rating: 1652 → 1669(+17 for winning)
|l| Asuma123
|j| VaticanWifi
|j| Asuma123
|l|☆C1K
