|ScrapeTime|2020-01-02-03:36:29
|j|☆Ixonic
|j|☆i are doo doo
|player|p1|Ixonic|33|1216
|player|p2|i are doo doo|102|1223
|teamsize|p1|6
|teamsize|p2|6
|gametype|singles
|gen|8
|tier|[Gen 8] OU
|rated|
|rule|Sleep Clause Mod: Limit one foe put to sleep
|rule|Species Clause: Limit one of each Pokémon
|rule|OHKO Clause: OHKO moves are banned
|rule|Evasion Moves Clause: Evasion moves are banned
|rule|Endless Battle Clause: Forcing endless battles is banned
|rule|HP Percentage Mod: HP is shown in percentages
|clearpoke
|poke|p1|Mandibuzz, F|
|poke|p1|Gastrodon, M|
|poke|p1|Clefable, M|
|poke|p1|Obstagoon, M|
|poke|p1|Conkeldurr, F|
|poke|p1|Aegislash, M|
|poke|p2|Gastrodon-East, F|
|poke|p2|Corsola-Galar, F|
|poke|p2|Aromatisse, F|
|poke|p2|Reuniclus, M|
|poke|p2|Corviknight, F|
|poke|p2|Obstagoon, F|
|rule|Dynamax Clause: You cannot dynamax
|teampreview
|
|start
|switch|p1a: Obstagoon|Obstagoon, M|100/100
|switch|p2a: Corviknight|Corviknight, F|100/100
|-ability|p2a: Corviknight|Pressure
|turn|1
|
|move|p1a: Obstagoon|Knock Off|p2a: Corviknight
|-damage|p2a: Corviknight|77/100
|-enditem|p2a: Corviknight|Leftovers|[from] move: Knock Off|[of] p1a: Obstagoon
|move|p2a: Corviknight|Body Press|p1a: Obstagoon
|-supereffective|p1a: Obstagoon
|-damage|p1a: Obstagoon|0 fnt
|faint|p1a: Obstagoon
|
|upkeep
|
|switch|p1a: Aegislash|Aegislash, M|100/100
|turn|2
|
|-formechange|p1a: Aegislash|Aegislash-Blade||[from] ability: Stance Change
|move|p1a: Aegislash|Shadow Ball|p2a: Corviknight
|-damage|p2a: Corviknight|7/100
|move|p2a: Corviknight|Roost|p2a: Corviknight
|-heal|p2a: Corviknight|57/100
|-singleturn|p2a: Corviknight|move: Roost
|
|upkeep
|turn|3
|
|switch|p1a: Conkeldurr|Conkeldurr, F|100/100
|switch|p2a: Obstagoon|Obstagoon, F|100/100
|
|-status|p1a: Conkeldurr|brn|[from] item: Flame Orb
|upkeep
|turn|4
|
|switch|p2a: Corsola|Corsola-Galar, F|100/100
|move|p1a: Conkeldurr|Facade|p2a: Corsola
|-immune|p2a: Corsola
|
|-damage|p1a: Conkeldurr|94/100 brn|[from] brn
|upkeep
|turn|5
|
|move|p1a: Conkeldurr|Earthquake|p2a: Corsola
|-damage|p2a: Corsola|62/100
|move|p2a: Corsola|Stealth Rock|p1a: Conkeldurr
|-sidestart|p1: Ixonic|move: Stealth Rock
|
|-damage|p1a: Conkeldurr|88/100 brn|[from] brn
|upkeep
|turn|6
|-message|Ixonic forfeited.
|
|win|i are doo doo
|l|☆Ixonic
|raw|Ixonic's rating: 1216 → 1191(-25 for losing)
|raw|i are doo doo's rating: 1223 → 1247(+24 for winning)
