|ScrapeTime|2020-01-01-05:15:51
|j|☆striker_845
|j|☆Jphats
|player|p1|striker_845|yellow|1000
|player|p2|Jphats|burglar|1000
|teamsize|p1|6
|teamsize|p2|6
|gametype|singles
|gen|8
|tier|[Gen 8] OU
|rated|
|rule|Sleep Clause Mod: Limit one foe put to sleep
|rule|Species Clause: Limit one of each Pokémon
|rule|OHKO Clause: OHKO moves are banned
|rule|Evasion Moves Clause: Evasion moves are banned
|rule|Endless Battle Clause: Forcing endless battles is banned
|rule|HP Percentage Mod: HP is shown in percentages
|clearpoke
|poke|p1|Dragapult, M|
|poke|p1|Corviknight, F|
|poke|p1|Cinderace, F|
|poke|p1|Tyranitar, M|
|poke|p1|Rotom-Wash|
|poke|p1|Ditto|
|poke|p2|Turtonator, M|
|poke|p2|Aegislash, F|
|poke|p2|Ribombee, F|
|poke|p2|Ditto|
|poke|p2|Cramorant, M|
|poke|p2|Gyarados, M|
|rule|Dynamax Clause: You cannot dynamax
|teampreview
|
|start
|switch|p1a: Rotom|Rotom-Wash|100/100
|switch|p2a: Ribombee|Ribombee, F|100/100
|turn|1
|
|move|p1a: Rotom|Trick|p2a: Ribombee
|-activate|p1a: Rotom|move: Trick|[of] p2a: Ribombee
|-item|p2a: Ribombee|Choice Scarf|[from] move: Trick
|-item|p1a: Rotom|Focus Sash|[from] move: Trick
|move|p2a: Ribombee|Sticky Web|p1a: Rotom
|-sidestart|p1: striker_845|move: Sticky Web
|
|upkeep
|turn|2
|
|move|p2a: Ribombee|Sticky Web||[still]
|-fail|p2a: Ribombee
|move|p1a: Rotom|Volt Switch|p2a: Ribombee
|-damage|p2a: Ribombee|66/100
|
|switch|p1a: Cinderace|Cinderace, F|100/100|[from]move: Volt Switch
|
|upkeep
|turn|3
|
|move|p2a: Ribombee|Sticky Web||[still]
|-fail|p2a: Ribombee
|move|p1a: Cinderace|Court Change|p1a: Cinderace
|-sideend|p1: striker_845|Sticky Web|[silent]
|-sidestart|p2: Jphats|Sticky Web|[silent]
|-activate|p1a: Cinderace|move: Court Change
|
|upkeep
|turn|4
|
|move|p2a: Ribombee|Sticky Web|p1a: Cinderace
|-sidestart|p1: striker_845|move: Sticky Web
|move|p1a: Cinderace|Pyro Ball|p2a: Ribombee
|-supereffective|p2a: Ribombee
|-damage|p2a: Ribombee|0 fnt
|faint|p2a: Ribombee
|
|upkeep
|
|switch|p2a: Cramorant|Cramorant, M|100/100
|turn|5
|
|switch|p1a: Rotom|Rotom-Wash|100/100
|move|p2a: Cramorant|Surf|p1a: Rotom
|-resisted|p1a: Rotom
|-damage|p1a: Rotom|83/100
|-formechange|p2a: Cramorant|Cramorant-Gulping|
|
|upkeep
|turn|6
|
|move|p2a: Cramorant|Endure|p2a: Cramorant
|-singleturn|p2a: Cramorant|move: Endure
|move|p1a: Rotom|Will-O-Wisp|p2a: Cramorant
|-status|p2a: Cramorant|brn
|
|-damage|p2a: Cramorant|94/100 brn|[from] brn
|upkeep
|turn|7
|
|move|p2a: Cramorant|Endure|p2a: Cramorant
|-singleturn|p2a: Cramorant|move: Endure
|move|p1a: Rotom|Volt Switch|p2a: Cramorant
|-supereffective|p2a: Cramorant
|-formechange|p2a: Cramorant|Cramorant|
|-damage|p1a: Rotom|58/100|[from] ability: Gulp Missile|[of] p2a: Cramorant
|-unboost|p1a: Rotom|def|1
|-activate|p2a: Cramorant|move: Endure
|-damage|p2a: Cramorant|1/100 brn
|-enditem|p2a: Cramorant|Weakness Policy
|-boost|p2a: Cramorant|atk|2
|-boost|p2a: Cramorant|spa|2
|
|switch|p1a: Ditto|Ditto|100/100|[from]move: Volt Switch
|-activate|p1a: Ditto|move: Sticky Web
|-unboost|p1a: Ditto|spe|1
|-transform|p1a: Ditto|p2a: Cramorant|[from] ability: Imposter
|
|-damage|p2a: Cramorant|0 fnt|[from] brn
|faint|p2a: Cramorant
|upkeep
|l|☆Jphats
|player|p2|
|c|☆striker_845|thanks you
|inactive|Battle timer is ON: inactive players will automatically lose when time's up. (requested by striker_845)
|inactive|Jphats has 30 seconds to reconnect!
|inactive|Jphats has 20 seconds to reconnect!
|inactive|Jphats has 15 seconds to reconnect!
|inactive|Jphats has 10 seconds to reconnect!
|inactive|Jphats has 5 seconds to reconnect!
|-message|Jphats lost due to inactivity.
|
|win|striker_845
|raw|striker_845's rating: 1000 → 1040(+40 for winning)
|raw|Jphats's rating: 1000 → 1000(+0 for losing)
