|ScrapeTime|2020-01-01-16:55:43
|j|☆Rezee
|j|☆Cesar16
|player|p1|Rezee|7|1098
|player|p2|Cesar16|gambler|1100
|teamsize|p1|6
|teamsize|p2|6
|gametype|singles
|gen|8
|tier|[Gen 8] OU
|rated|
|rule|Sleep Clause Mod: Limit one foe put to sleep
|rule|Species Clause: Limit one of each Pokémon
|rule|OHKO Clause: OHKO moves are banned
|rule|Evasion Moves Clause: Evasion moves are banned
|rule|Endless Battle Clause: Forcing endless battles is banned
|rule|HP Percentage Mod: HP is shown in percentages
|clearpoke
|poke|p1|Aegislash, F|
|poke|p1|Corviknight, F|
|poke|p1|Clefable, F|
|poke|p1|Gyarados, M|
|poke|p1|Dugtrio, F|
|poke|p1|Rotom-Heat|
|poke|p2|Toxapex, M|
|poke|p2|Dragapult, M|
|poke|p2|Cinderace, F|
|poke|p2|Mimikyu, F|
|poke|p2|Corsola-Galar, M|
|poke|p2|Ditto|
|rule|Dynamax Clause: You cannot dynamax
|teampreview
|
|start
|switch|p1a: Aegislash|Aegislash, F|100/100
|switch|p2a: Bastion|Toxapex, M|100/100
|turn|1
|inactive|Battle timer is ON: inactive players will automatically lose when time's up. (requested by Cesar16)
|
|switch|p1a: Rotom|Rotom-Heat|100/100
|move|p2a: Bastion|Scald|p1a: Rotom
|-supereffective|p1a: Rotom
|-damage|p1a: Rotom|63/100
|
|-heal|p1a: Rotom|70/100|[from] item: Leftovers
|upkeep
|turn|2
|
|switch|p2a: Mimikyu|Mimikyu, F|100/100
|move|p1a: Rotom|Volt Switch|p2a: Mimikyu
|-activate|p2a: Mimikyu|ability: Disguise
|-damage|p2a: Mimikyu|100/100
|detailschange|p2a: Mimikyu|Mimikyu-Busted, F
|-damage|p2a: Mimikyu|88/100|[from] ability: Disguise|[of] p2a: Mimikyu
|
|switch|p1a: Dugtrio|Dugtrio, F|100/100|[from]move: Volt Switch
|
|upkeep
|turn|3
|
|move|p1a: Dugtrio|Sucker Punch||[still]
|-fail|p1a: Dugtrio
|move|p2a: Mimikyu|Swords Dance|p2a: Mimikyu
|-boost|p2a: Mimikyu|atk|2
|
|upkeep
|turn|4
|
|move|p1a: Dugtrio|Sucker Punch|p2a: Mimikyu
|-damage|p2a: Mimikyu|31/100
|move|p2a: Mimikyu|Shadow Sneak|p1a: Dugtrio
|-damage|p1a: Dugtrio|0 fnt
|-damage|p2a: Mimikyu|21/100|[from] item: Life Orb
|faint|p1a: Dugtrio
|
|upkeep
|
|switch|p1a: Aegislash|Aegislash, F|100/100
|turn|5
|
|move|p2a: Mimikyu|Shadow Sneak|p1a: Aegislash
|-supereffective|p1a: Aegislash
|-damage|p1a: Aegislash|26/100
|-damage|p2a: Mimikyu|11/100|[from] item: Life Orb
|-formechange|p1a: Aegislash|Aegislash-Blade||[from] ability: Stance Change
|move|p1a: Aegislash|Shadow Sneak|p2a: Mimikyu
|-supereffective|p2a: Mimikyu
|-damage|p2a: Mimikyu|0 fnt
|faint|p2a: Mimikyu
|
|-heal|p1a: Aegislash|32/100|[from] item: Leftovers
|upkeep
|
|switch|p2a: Math Potcaste|Ditto|100/100
|-transform|p2a: Math Potcaste|p1a: Aegislash|[from] ability: Imposter
|turn|6
|
|-formechange|p1a: Aegislash|Aegislash||[from] ability: Stance Change
|move|p1a: Aegislash|King's Shield|p1a: Aegislash
|-singleturn|p1a: Aegislash|Protect
|move|p2a: Math Potcaste|Shadow Sneak|p1a: Aegislash
|-activate|p1a: Aegislash|move: Protect
|-unboost|p2a: Math Potcaste|atk|1
|
|-heal|p1a: Aegislash|38/100|[from] item: Leftovers
|upkeep
|turn|7
|
|switch|p1a: Corviknight|Corviknight, F|100/100
|-ability|p1a: Corviknight|Pressure
|move|p2a: Math Potcaste|Shadow Sneak|p1a: Corviknight
|-damage|p1a: Corviknight|92/100
|-damage|p2a: Math Potcaste|84/100|[from] item: Rocky Helmet|[of] p1a: Corviknight
|
|upkeep
|turn|8
|
|switch|p2a: Shinra|Cinderace, F|100/100
|move|p1a: Corviknight|Brave Bird|p2a: Shinra
|-damage|p2a: Shinra|46/100
|-damage|p1a: Corviknight|79/100|[from] Recoil
|
|upkeep
|turn|9
|
|switch|p1a: Gyarados|Gyarados, M|100/100
|-ability|p1a: Gyarados|Intimidate|boost
|-unboost|p2a: Shinra|atk|1
|move|p2a: Shinra|Pyro Ball|p1a: Gyarados
|-resisted|p1a: Gyarados
|-damage|p1a: Gyarados|81/100
|
|-heal|p1a: Gyarados|87/100|[from] item: Leftovers
|upkeep
|turn|10
|
|move|p2a: Shinra|U-turn|p1a: Gyarados
|-resisted|p1a: Gyarados
|-damage|p1a: Gyarados|79/100
|
|switch|p2a: Je pleure|Corsola-Galar, M|100/100|[from]move: U-turn
|move|p1a: Gyarados|Aqua Tail|p2a: Je pleure
|-damage|p2a: Je pleure|73/100
|-start|p1a: Gyarados|Disable|Aqua Tail|[from] ability: Cursed Body|[of] p2a: Je pleure
|
|-heal|p1a: Gyarados|85/100|[from] item: Leftovers
|upkeep
|turn|11
|
|switch|p1a: Aegislash|Aegislash, F|38/100
|move|p2a: Je pleure|Stealth Rock|p1a: Aegislash
|-sidestart|p1: Rezee|move: Stealth Rock
|
|-heal|p1a: Aegislash|44/100|[from] item: Leftovers
|upkeep
|turn|12
|
|switch|p2a: Bastion|Toxapex, M|100/100
|-formechange|p1a: Aegislash|Aegislash-Blade||[from] ability: Stance Change
|move|p1a: Aegislash|Shadow Sneak|p2a: Bastion
|-damage|p2a: Bastion|89/100
|
|-heal|p1a: Aegislash|50/100|[from] item: Leftovers
|-heal|p2a: Bastion|96/100|[from] item: Black Sludge
|upkeep
|turn|13
|
|switch|p1a: Rotom|Rotom-Heat|70/100
|-damage|p1a: Rotom|45/100|[from] Stealth Rock
|move|p2a: Bastion|Scald|p1a: Rotom
|-supereffective|p1a: Rotom
|-damage|p1a: Rotom|12/100
|
|-heal|p1a: Rotom|18/100|[from] item: Leftovers
|-heal|p2a: Bastion|100/100|[from] item: Black Sludge
|upkeep
|turn|14
|
|switch|p2a: I'm back|Dragapult, M|100/100
|move|p1a: Rotom|Volt Switch|p2a: I'm back
|-resisted|p2a: I'm back
|-damage|p2a: I'm back|80/100
|
|switch|p1a: Corviknight|Corviknight, F|79/100|[from]move: Volt Switch
|-damage|p1a: Corviknight|66/100|[from] Stealth Rock
|-ability|p1a: Corviknight|Pressure
|
|-heal|p2a: I'm back|86/100|[from] item: Leftovers
|upkeep
|turn|15
|
|move|p2a: I'm back|Substitute|p2a: I'm back
|-start|p2a: I'm back|Substitute
|-damage|p2a: I'm back|61/100
|move|p1a: Corviknight|Defog|p2a: I'm back
|-sideend|p1: Rezee|Stealth Rock|[from] move: Defog|[of] p1a: Corviknight
|
|-heal|p2a: I'm back|67/100|[from] item: Leftovers
|upkeep
|turn|16
|
|move|p2a: I'm back|Dragon Dance|p2a: I'm back
|-boost|p2a: I'm back|atk|1
|-boost|p2a: I'm back|spe|1
|move|p1a: Corviknight|Brave Bird|p2a: I'm back
|-end|p2a: I'm back|Substitute
|-damage|p1a: Corviknight|60/100|[from] Recoil|[of] p2a: I'm back
|
|-heal|p2a: I'm back|73/100|[from] item: Leftovers
|upkeep
|turn|17
|
|move|p2a: I'm back|Phantom Force||[still]
|-prepare|p2a: I'm back|Phantom Force|p1a: Corviknight
|move|p1a: Corviknight|Taunt|p2a: I'm back|[miss]
|-miss|p1a: Corviknight|p2a: I'm back
|
|-heal|p2a: I'm back|79/100|[from] item: Leftovers
|upkeep
|turn|18
|
|move|p2a: I'm back|Phantom Force|p1a: Corviknight|[from]lockedmove
|-damage|p1a: Corviknight|20/100
|-damage|p2a: I'm back|63/100|[from] item: Rocky Helmet|[of] p1a: Corviknight
|move|p1a: Corviknight|Brave Bird|p2a: I'm back
|-damage|p2a: I'm back|12/100
|-damage|p1a: Corviknight|6/100|[from] Recoil
|
|-heal|p2a: I'm back|18/100|[from] item: Leftovers
|upkeep
|turn|19
|
|move|p2a: I'm back|Dragon Darts|p1a: Corviknight
|-resisted|p1a: Corviknight
|-damage|p1a: Corviknight|0 fnt
|-hitcount|p1a: Corviknight|1
|faint|p1a: Corviknight
|
|-heal|p2a: I'm back|24/100|[from] item: Leftovers
|upkeep
|
|switch|p1a: Aegislash|Aegislash, F|50/100
|turn|20
|
|-formechange|p1a: Aegislash|Aegislash-Blade||[from] ability: Stance Change
|move|p1a: Aegislash|Shadow Sneak|p2a: I'm back
|-supereffective|p2a: I'm back
|-damage|p2a: I'm back|0 fnt
|faint|p2a: I'm back
|
|-heal|p1a: Aegislash|57/100|[from] item: Leftovers
|upkeep
|
|switch|p2a: Math Potcaste|Ditto|84/100
|-transform|p2a: Math Potcaste|p1a: Aegislash|[from] ability: Imposter
|turn|21
|
|-formechange|p1a: Aegislash|Aegislash||[from] ability: Stance Change
|move|p1a: Aegislash|King's Shield|p1a: Aegislash
|-singleturn|p1a: Aegislash|Protect
|move|p2a: Math Potcaste|Shadow Sneak|p1a: Aegislash
|-activate|p1a: Aegislash|move: Protect
|-unboost|p2a: Math Potcaste|atk|1
|
|-heal|p1a: Aegislash|63/100|[from] item: Leftovers
|upkeep
|turn|22
|
|switch|p2a: Shinra|Cinderace, F|46/100
|switch|p1a: Gyarados|Gyarados, M|85/100
|-ability|p1a: Gyarados|Intimidate|boost
|-unboost|p2a: Shinra|atk|1
|
|-heal|p1a: Gyarados|91/100|[from] item: Leftovers
|upkeep
|turn|23
|
|switch|p2a: Je pleure|Corsola-Galar, M|73/100
|move|p1a: Gyarados|Dragon Dance|p1a: Gyarados
|-boost|p1a: Gyarados|atk|1
|-boost|p1a: Gyarados|spe|1
|
|-heal|p1a: Gyarados|97/100|[from] item: Leftovers
|upkeep
|turn|24
|
|move|p1a: Gyarados|Aqua Tail|p2a: Je pleure
|-damage|p2a: Je pleure|28/100
|move|p2a: Je pleure|Stealth Rock|p1a: Gyarados
|-sidestart|p1: Rezee|move: Stealth Rock
|
|-heal|p1a: Gyarados|100/100|[from] item: Leftovers
|upkeep
|turn|25
|
|move|p1a: Gyarados|Aqua Tail|p2a: Je pleure|[miss]
|-miss|p1a: Gyarados|p2a: Je pleure
|move|p2a: Je pleure|Strength Sap|p1a: Gyarados
|-unboost|p1a: Gyarados|atk|1
|-heal|p2a: Je pleure|100/100
|
|upkeep
|turn|26
|
|move|p1a: Gyarados|Aqua Tail|p2a: Je pleure
|-damage|p2a: Je pleure|73/100
|move|p2a: Je pleure|Shadow Ball|p1a: Gyarados
|-damage|p1a: Gyarados|81/100
|
|-heal|p1a: Gyarados|88/100|[from] item: Leftovers
|upkeep
|turn|27
|c|☆Rezee|Fuck
|
|move|p1a: Gyarados|Dragon Dance|p1a: Gyarados
|-boost|p1a: Gyarados|atk|1
|-boost|p1a: Gyarados|spe|1
|move|p2a: Je pleure|Will-O-Wisp|p1a: Gyarados
|-status|p1a: Gyarados|brn
|
|-heal|p1a: Gyarados|94/100 brn|[from] item: Leftovers
|-damage|p1a: Gyarados|88/100 brn|[from] brn
|upkeep
|turn|28
|
|move|p1a: Gyarados|Dragon Dance|p1a: Gyarados
|-boost|p1a: Gyarados|atk|1
|-boost|p1a: Gyarados|spe|1
|move|p2a: Je pleure|Strength Sap|p1a: Gyarados
|-unboost|p1a: Gyarados|atk|1
|-heal|p2a: Je pleure|100/100
|
|-heal|p1a: Gyarados|94/100 brn|[from] item: Leftovers
|-damage|p1a: Gyarados|88/100 brn|[from] brn
|upkeep
|turn|29
|
|move|p1a: Gyarados|Dragon Dance|p1a: Gyarados
|-boost|p1a: Gyarados|atk|1
|-boost|p1a: Gyarados|spe|1
|move|p2a: Je pleure|Shadow Ball|p1a: Gyarados
|-damage|p1a: Gyarados|70/100 brn
|
|-heal|p1a: Gyarados|76/100 brn|[from] item: Leftovers
|-damage|p1a: Gyarados|70/100 brn|[from] brn
|upkeep
|turn|30
|
|move|p1a: Gyarados|Dragon Dance|p1a: Gyarados
|-boost|p1a: Gyarados|atk|1
|-boost|p1a: Gyarados|spe|1
|move|p2a: Je pleure|Shadow Ball|p1a: Gyarados
|-damage|p1a: Gyarados|53/100 brn
|
|-heal|p1a: Gyarados|59/100 brn|[from] item: Leftovers
|-damage|p1a: Gyarados|53/100 brn|[from] brn
|upkeep
|turn|31
|
|move|p1a: Gyarados|Dragon Dance|p1a: Gyarados
|-boost|p1a: Gyarados|atk|1
|-boost|p1a: Gyarados|spe|1
|move|p2a: Je pleure|Shadow Ball|p1a: Gyarados
|-damage|p1a: Gyarados|36/100 brn
|-unboost|p1a: Gyarados|spd|1
|
|-heal|p1a: Gyarados|42/100 brn|[from] item: Leftovers
|-damage|p1a: Gyarados|36/100 brn|[from] brn
|upkeep
|turn|32
|
|move|p1a: Gyarados|Aqua Tail|p2a: Je pleure
|-damage|p2a: Je pleure|57/100
|move|p2a: Je pleure|Shadow Ball|p1a: Gyarados
|-damage|p1a: Gyarados|7/100 brn
|
|-heal|p1a: Gyarados|13/100 brn|[from] item: Leftovers
|-damage|p1a: Gyarados|7/100 brn|[from] brn
|upkeep
|turn|33
|
|move|p1a: Gyarados|Aqua Tail|p2a: Je pleure|[miss]
|-miss|p1a: Gyarados|p2a: Je pleure
|move|p2a: Je pleure|Shadow Ball|p1a: Gyarados
|-damage|p1a: Gyarados|0 fnt
|faint|p1a: Gyarados
|
|upkeep
|
|switch|p1a: Aegislash|Aegislash, F|63/100
|-damage|p1a: Aegislash|57/100|[from] Stealth Rock
|turn|34
|
|-formechange|p1a: Aegislash|Aegislash-Blade||[from] ability: Stance Change
|move|p1a: Aegislash|Shadow Sneak|p2a: Je pleure
|-supereffective|p2a: Je pleure
|-damage|p2a: Je pleure|30/100
|move|p2a: Je pleure|Shadow Ball|p1a: Aegislash
|-supereffective|p1a: Aegislash
|-damage|p1a: Aegislash|0 fnt
|faint|p1a: Aegislash
|
|upkeep
|
|switch|p1a: Clefable|Clefable, F|100/100
|turn|35
|
|switch|p2a: Bastion|Toxapex, M|100/100
|move|p1a: Clefable|Moonblast|p2a: Bastion
|-resisted|p2a: Bastion
|-damage|p2a: Bastion|87/100
|-unboost|p2a: Bastion|spa|1
|
|-heal|p2a: Bastion|93/100|[from] item: Black Sludge
|upkeep
|turn|36
|
|move|p1a: Clefable|Wish|p1a: Clefable
|move|p2a: Bastion|Toxic|p1a: Clefable
|-status|p1a: Clefable|tox
|
|-heal|p2a: Bastion|99/100|[from] item: Black Sludge
|upkeep
|turn|37
|
|switch|p1a: Rotom|Rotom-Heat|18/100
|-damage|p1a: Rotom|0 fnt|[from] Stealth Rock
|faint|p1a: Rotom
|move|p2a: Bastion|Haze|p2a: Bastion
|-clearallboost
|
|-heal|p2a: Bastion|100/100|[from] item: Black Sludge
|upkeep
|
|switch|p1a: Clefable|Clefable, F|100/100 tox
|turn|38
|
|move|p1a: Clefable|Thunder Wave|p2a: Bastion
|-status|p2a: Bastion|par
|move|p2a: Bastion|Scald|p1a: Clefable
|-damage|p1a: Clefable|89/100 tox
|
|-heal|p1a: Clefable|95/100 tox|[from] item: Leftovers
|upkeep
|turn|39
|
|move|p1a: Clefable|Stealth Rock|p2a: Bastion
|-sidestart|p2: Cesar16|move: Stealth Rock
|move|p2a: Bastion|Scald|p1a: Clefable
|-damage|p1a: Clefable|83/100 tox
|
|-heal|p1a: Clefable|89/100 tox|[from] item: Leftovers
|upkeep
|turn|40
|
|move|p1a: Clefable|Moonblast|p2a: Bastion
|-resisted|p2a: Bastion
|-crit|p2a: Bastion
|-damage|p2a: Bastion|80/100 par
|-unboost|p2a: Bastion|spa|1
|move|p2a: Bastion|Scald|p1a: Clefable
|-damage|p1a: Clefable|82/100 tox
|
|-heal|p1a: Clefable|88/100 tox|[from] item: Leftovers
|-heal|p2a: Bastion|86/100 par|[from] item: Black Sludge
|upkeep
|turn|41
|
|move|p1a: Clefable|Moonblast|p2a: Bastion
|-resisted|p2a: Bastion
|-damage|p2a: Bastion|74/100 par
|move|p2a: Bastion|Haze|p2a: Bastion
|-clearallboost
|
|-heal|p1a: Clefable|94/100 tox|[from] item: Leftovers
|-heal|p2a: Bastion|80/100 par|[from] item: Black Sludge
|upkeep
|turn|42
|
|move|p1a: Clefable|Moonblast|p2a: Bastion
|-resisted|p2a: Bastion
|-damage|p2a: Bastion|67/100 par
|cant|p2a: Bastion|par
|
|-heal|p1a: Clefable|99/100 tox|[from] item: Leftovers
|-heal|p2a: Bastion|73/100 par|[from] item: Black Sludge
|upkeep
|turn|43
|
|switch|p2a: Math Potcaste|Ditto|84/100
|-damage|p2a: Math Potcaste|72/100|[from] Stealth Rock
|-transform|p2a: Math Potcaste|p1a: Clefable|[from] ability: Imposter
|move|p1a: Clefable|Moonblast|p2a: Math Potcaste
|-damage|p2a: Math Potcaste|43/100
|
|-heal|p1a: Clefable|100/100 tox|[from] item: Leftovers
|upkeep
|turn|44
|
|move|p2a: Math Potcaste|Thunder Wave||[still]
|-fail|p2a: Math Potcaste
|move|p1a: Clefable|Thunder Wave|p2a: Math Potcaste
|-status|p2a: Math Potcaste|par
|
|upkeep
|turn|45
|
|switch|p2a: Shinra|Cinderace, F|46/100
|move|p1a: Clefable|Moonblast|p2a: Shinra
|-resisted|p2a: Shinra
|-damage|p2a: Shinra|24/100
|
|upkeep
|turn|46
|
|move|p2a: Shinra|High Jump Kick|p1a: Clefable|[miss]
|-miss|p2a: Shinra|p1a: Clefable
|-damage|p2a: Shinra|0 fnt|[from] highjumpkick
|faint|p2a: Shinra
|move|p1a: Clefable|Moonblast|p2: Shinra|[notarget]
|-fail|p1a: Clefable
|
|upkeep
|
|switch|p2a: Je pleure|Corsola-Galar, M|30/100
|-damage|p2a: Je pleure|18/100|[from] Stealth Rock
|turn|47
|
|move|p1a: Clefable|Moonblast|p2a: Je pleure
|-damage|p2a: Je pleure|3/100
|-unboost|p2a: Je pleure|spa|1
|move|p2a: Je pleure|Strength Sap|p1a: Clefable
|-unboost|p1a: Clefable|atk|1
|-heal|p2a: Je pleure|43/100
|
|upkeep
|turn|48
|c|☆Rezee|Terrible désillusion
|
|move|p1a: Clefable|Moonblast|p2a: Je pleure
|-damage|p2a: Je pleure|27/100
|-start|p1a: Clefable|Disable|Moonblast|[from] ability: Cursed Body|[of] p2a: Je pleure
|move|p2a: Je pleure|Strength Sap|p1a: Clefable
|-unboost|p1a: Clefable|atk|1
|-heal|p2a: Je pleure|54/100
|
|upkeep
|turn|49
|
|move|p1a: Clefable|Thunder Wave|p2a: Je pleure
|-status|p2a: Je pleure|par
|move|p2a: Je pleure|Strength Sap|p1a: Clefable
|-unboost|p1a: Clefable|atk|1
|-heal|p2a: Je pleure|74/100 par
|
|upkeep
|turn|50
|
|move|p1a: Clefable|Wish|p1a: Clefable
|move|p2a: Je pleure|Strength Sap|p1a: Clefable
|-unboost|p1a: Clefable|atk|1
|-heal|p2a: Je pleure|90/100 par
|
|upkeep
|turn|51
|
|move|p1a: Clefable|Thunder Wave|p2a: Je pleure
|-fail|p2a: Je pleure|par
|cant|p2a: Je pleure|par
|
|-end|p1a: Clefable|Disable
|upkeep
|turn|52
|
|move|p1a: Clefable|Thunder Wave|p2a: Je pleure
|-fail|p2a: Je pleure|par
|cant|p2a: Je pleure|par
|
|upkeep
|turn|53
|
|move|p1a: Clefable|Moonblast|p2a: Je pleure
|-damage|p2a: Je pleure|73/100 par
|move|p2a: Je pleure|Shadow Ball|p1a: Clefable
|-damage|p1a: Clefable|92/100 tox
|
|-heal|p1a: Clefable|98/100 tox|[from] item: Leftovers
|upkeep
|turn|54
|
|move|p1a: Clefable|Moonblast|p2a: Je pleure
|-damage|p2a: Je pleure|58/100 par
|-unboost|p2a: Je pleure|spa|1
|move|p2a: Je pleure|Strength Sap|p1a: Clefable
|-unboost|p1a: Clefable|atk|1
|-heal|p2a: Je pleure|71/100 par
|
|-heal|p1a: Clefable|100/100 tox|[from] item: Leftovers
|upkeep
|turn|55
|
|switch|p2a: Bastion|Toxapex, M|100/100 par
|-damage|p2a: Bastion|88/100 par|[from] Stealth Rock
|move|p1a: Clefable|Moonblast|p2a: Bastion
|-resisted|p2a: Bastion
|-damage|p2a: Bastion|75/100 par
|
|-heal|p2a: Bastion|81/100 par|[from] item: Black Sludge
|upkeep
|turn|56
|
|move|p1a: Clefable|Moonblast|p2a: Bastion
|-resisted|p2a: Bastion
|-damage|p2a: Bastion|69/100 par
|move|p2a: Bastion|Scald|p1a: Clefable
|-damage|p1a: Clefable|90/100 tox
|
|-heal|p1a: Clefable|96/100 tox|[from] item: Leftovers
|-heal|p2a: Bastion|75/100 par|[from] item: Black Sludge
|upkeep
|turn|57
|
|move|p1a: Clefable|Moonblast|p2a: Bastion
|-resisted|p2a: Bastion
|-damage|p2a: Bastion|62/100 par
|-unboost|p2a: Bastion|spa|1
|move|p2a: Bastion|Scald|p1a: Clefable
|-damage|p1a: Clefable|89/100 tox
|
|-heal|p1a: Clefable|95/100 tox|[from] item: Leftovers
|-heal|p2a: Bastion|69/100 par|[from] item: Black Sludge
|upkeep
|turn|58
|
|move|p1a: Clefable|Moonblast|p2a: Bastion
|-resisted|p2a: Bastion
|-damage|p2a: Bastion|56/100 par
|move|p2a: Bastion|Scald|p1a: Clefable
|-damage|p1a: Clefable|87/100 tox
|
|-heal|p1a: Clefable|93/100 tox|[from] item: Leftovers
|-heal|p2a: Bastion|62/100 par|[from] item: Black Sludge
|upkeep
|turn|59
|
|move|p1a: Clefable|Moonblast|p2a: Bastion
|-resisted|p2a: Bastion
|-damage|p2a: Bastion|50/100 par
|cant|p2a: Bastion|par
|
|-heal|p1a: Clefable|99/100 tox|[from] item: Leftovers
|-heal|p2a: Bastion|57/100 par|[from] item: Black Sludge
|upkeep
|turn|60
|
|move|p1a: Clefable|Moonblast|p2a: Bastion
|-resisted|p2a: Bastion
|-damage|p2a: Bastion|45/100 par
|move|p2a: Bastion|Recover|p2a: Bastion
|-heal|p2a: Bastion|95/100 par
|
|-heal|p1a: Clefable|100/100 tox|[from] item: Leftovers
|-heal|p2a: Bastion|100/100 par|[from] item: Black Sludge
|upkeep
|turn|61
|
|move|p1a: Clefable|Moonblast|p2a: Bastion
|-resisted|p2a: Bastion
|-damage|p2a: Bastion|88/100 par
|move|p2a: Bastion|Scald|p1a: Clefable
|-damage|p1a: Clefable|93/100 tox
|
|-heal|p1a: Clefable|99/100 tox|[from] item: Leftovers
|-heal|p2a: Bastion|94/100 par|[from] item: Black Sludge
|upkeep
|turn|62
|
|move|p1a: Clefable|Moonblast|p2a: Bastion
|-resisted|p2a: Bastion
|-damage|p2a: Bastion|82/100 par
|-unboost|p2a: Bastion|spa|1
|move|p2a: Bastion|Haze|p2a: Bastion
|-clearallboost
|
|-heal|p1a: Clefable|100/100 tox|[from] item: Leftovers
|-heal|p2a: Bastion|88/100 par|[from] item: Black Sludge
|upkeep
|turn|63
|
|move|p1a: Clefable|Moonblast|p2a: Bastion
|-resisted|p2a: Bastion
|-damage|p2a: Bastion|74/100 par
|move|p2a: Bastion|Scald|p1a: Clefable
|-damage|p1a: Clefable|90/100 tox
|
|-heal|p1a: Clefable|96/100 tox|[from] item: Leftovers
|-heal|p2a: Bastion|80/100 par|[from] item: Black Sludge
|upkeep
|turn|64
|
|move|p1a: Clefable|Moonblast|p2a: Bastion
|-resisted|p2a: Bastion
|-damage|p2a: Bastion|67/100 par
|move|p2a: Bastion|Scald|p1a: Clefable
|-damage|p1a: Clefable|85/100 tox
|
|-heal|p1a: Clefable|91/100 tox|[from] item: Leftovers
|-heal|p2a: Bastion|73/100 par|[from] item: Black Sludge
|upkeep
|turn|65
|
|move|p1a: Clefable|Moonblast|p2a: Bastion
|-resisted|p2a: Bastion
|-crit|p2a: Bastion
|-damage|p2a: Bastion|52/100 par
|-unboost|p2a: Bastion|spa|1
|move|p2a: Bastion|Scald|p1a: Clefable
|-damage|p1a: Clefable|83/100 tox
|
|-heal|p1a: Clefable|90/100 tox|[from] item: Leftovers
|-heal|p2a: Bastion|59/100 par|[from] item: Black Sludge
|upkeep
|turn|66
|
|move|p1a: Clefable|Moonblast|p2a: Bastion
|-resisted|p2a: Bastion
|-damage|p2a: Bastion|46/100 par
|-unboost|p2a: Bastion|spa|1
|cant|p2a: Bastion|par
|
|-heal|p1a: Clefable|96/100 tox|[from] item: Leftovers
|-heal|p2a: Bastion|52/100 par|[from] item: Black Sludge
|upkeep
|turn|67
|inactive|Cesar16 has 120 seconds left.
|c|☆Cesar16|Tox
|c|☆Cesar16|Tox
|
|move|p1a: Clefable|Moonblast|p2a: Bastion
|-resisted|p2a: Bastion
|-damage|p2a: Bastion|39/100 par
|cant|p2a: Bastion|par
|
|-heal|p1a: Clefable|100/100 tox|[from] item: Leftovers
|-heal|p2a: Bastion|46/100 par|[from] item: Black Sludge
|upkeep
|turn|68
|inactive|Cesar16 has 120 seconds left.
|
|move|p1a: Clefable|Thunder Wave|p2a: Bastion
|-fail|p2a: Bastion|par
|move|p2a: Bastion|Recover|p2a: Bastion
|-heal|p2a: Bastion|96/100 par
|
|-heal|p2a: Bastion|100/100 par|[from] item: Black Sludge
|upkeep
|turn|69
|inactive|Cesar16 has 120 seconds left.
|c|☆Cesar16|Clefable is tox
|
|move|p1a: Clefable|Thunder Wave|p2a: Bastion|[miss]
|-miss|p1a: Clefable|p2a: Bastion
|cant|p2a: Bastion|par
|
|upkeep
|turn|70
|c|☆Rezee|Magic guard
|
|switch|p2a: Math Potcaste|Ditto|43/100 par
|-damage|p2a: Math Potcaste|31/100 par|[from] Stealth Rock
|-transform|p2a: Math Potcaste|p1a: Clefable|[from] ability: Imposter
|move|p1a: Clefable|Thunder Wave|p2a: Math Potcaste
|-fail|p2a: Math Potcaste|par
|
|upkeep
|turn|71
|inactive|Cesar16 has 90 seconds left.
|
|move|p1a: Clefable|Thunder Wave|p2a: Math Potcaste
|-fail|p2a: Math Potcaste|par
|move|p2a: Math Potcaste|Moonblast|p1a: Clefable
|-damage|p1a: Clefable|79/100 tox
|-unboost|p1a: Clefable|spa|1
|
|-heal|p1a: Clefable|85/100 tox|[from] item: Leftovers
|upkeep
|turn|72
|inactive|Cesar16 has 90 seconds left.
|
|move|p1a: Clefable|Thunder Wave|p2a: Math Potcaste
|-fail|p2a: Math Potcaste|par
|move|p2a: Math Potcaste|Moonblast|p1a: Clefable
|-damage|p1a: Clefable|65/100 tox
|
|-heal|p1a: Clefable|71/100 tox|[from] item: Leftovers
|upkeep
|turn|73
|
|move|p1a: Clefable|Thunder Wave|p2a: Math Potcaste
|-fail|p2a: Math Potcaste|par
|cant|p2a: Math Potcaste|par
|
|-heal|p1a: Clefable|77/100 tox|[from] item: Leftovers
|upkeep
|turn|74
|
|move|p1a: Clefable|Thunder Wave|p2a: Math Potcaste
|-fail|p2a: Math Potcaste|par
|move|p2a: Math Potcaste|Moonblast|p1a: Clefable
|-damage|p1a: Clefable|54/100 tox
|
|-heal|p1a: Clefable|60/100 tox|[from] item: Leftovers
|upkeep
|turn|75
|
|move|p1a: Clefable|Thunder Wave|p2a: Math Potcaste
|-fail|p2a: Math Potcaste|par
|move|p2a: Math Potcaste|Moonblast|p1a: Clefable
|-damage|p1a: Clefable|39/100 tox
|-unboost|p1a: Clefable|spa|1
|
|-heal|p1a: Clefable|45/100 tox|[from] item: Leftovers
|upkeep
|turn|76
|
|move|p1a: Clefable|Wish|p1a: Clefable
|move|p2a: Math Potcaste|Moonblast|p1a: Clefable
|-damage|p1a: Clefable|23/100 tox
|
|-heal|p1a: Clefable|29/100 tox|[from] item: Leftovers
|upkeep
|turn|77
|
|move|p1a: Clefable|Thunder Wave|p2a: Math Potcaste
|-fail|p2a: Math Potcaste|par
|cant|p2a: Math Potcaste|par
|
|-heal|p1a: Clefable|79/100 tox|[from] move: Wish|[wisher] Clefable
|-heal|p1a: Clefable|85/100 tox|[from] item: Leftovers
|upkeep
|turn|78
|
|move|p1a: Clefable|Thunder Wave|p2a: Math Potcaste
|-fail|p2a: Math Potcaste|par
|-activate|p2a: Math Potcaste|move: Struggle
|move|p2a: Math Potcaste|Struggle|p1a: Clefable
|-damage|p1a: Clefable|77/100 tox
|-damage|p2a: Math Potcaste|6/100 par|[from] recoil
|
|-heal|p1a: Clefable|83/100 tox|[from] item: Leftovers
|upkeep
|turn|79
|inactive|Cesar16 has 120 seconds left.
|
|switch|p2a: Je pleure|Corsola-Galar, M|71/100 par
|-damage|p2a: Je pleure|59/100 par|[from] Stealth Rock
|move|p1a: Clefable|Thunder Wave|p2a: Je pleure
|-fail|p2a: Je pleure|par
|
|-heal|p1a: Clefable|89/100 tox|[from] item: Leftovers
|upkeep
|turn|80
|inactive|Cesar16 has 120 seconds left.
|
|move|p1a: Clefable|Thunder Wave|p2a: Je pleure
|-fail|p2a: Je pleure|par
|cant|p2a: Je pleure|par
|
|-heal|p1a: Clefable|95/100 tox|[from] item: Leftovers
|upkeep
|turn|81
|inactive|Cesar16 has 120 seconds left.
|
|move|p1a: Clefable|Thunder Wave|p2a: Je pleure
|-fail|p2a: Je pleure|par
|cant|p2a: Je pleure|par
|
|-heal|p1a: Clefable|100/100 tox|[from] item: Leftovers
|upkeep
|turn|82
|inactive|Cesar16 has 120 seconds left.
|
|move|p1a: Clefable|Thunder Wave|p2a: Je pleure
|-fail|p2a: Je pleure|par
|move|p2a: Je pleure|Shadow Ball|p1a: Clefable
|-damage|p1a: Clefable|88/100 tox
|
|-heal|p1a: Clefable|94/100 tox|[from] item: Leftovers
|upkeep
|turn|83
|
|move|p1a: Clefable|Thunder Wave|p2a: Je pleure
|-fail|p2a: Je pleure|par
|move|p2a: Je pleure|Shadow Ball|p1a: Clefable
|-damage|p1a: Clefable|82/100 tox
|
|-heal|p1a: Clefable|88/100 tox|[from] item: Leftovers
|upkeep
|turn|84
|inactive|Rezee has 120 seconds left.
|inactive|Rezee has 90 seconds left.
|inactive|Rezee has 60 seconds left.
|inactive|Rezee has 30 seconds left.
|inactive|Rezee has 20 seconds left.
|inactive|Rezee has 15 seconds left.
|inactive|Rezee has 10 seconds left.
|inactive|Rezee has 5 seconds left.
|
|move|p1a: Clefable|Thunder Wave|p2a: Je pleure|[miss]
|-miss|p1a: Clefable|p2a: Je pleure
|cant|p2a: Je pleure|par
|
|-heal|p1a: Clefable|94/100 tox|[from] item: Leftovers
|upkeep
|turn|85
|inactive|Rezee has 15 seconds left this turn.
|inactive|Rezee has 10 seconds left.
|inactive|Rezee has 5 seconds left.
|
|move|p1a: Clefable|Thunder Wave|p2a: Je pleure
|-fail|p2a: Je pleure|par
|move|p2a: Je pleure|Shadow Ball|p1a: Clefable
|-damage|p1a: Clefable|82/100 tox
|-unboost|p1a: Clefable|spd|1
|
|-heal|p1a: Clefable|88/100 tox|[from] item: Leftovers
|upkeep
|turn|86
|inactive|Rezee has 15 seconds left this turn.
|inactive|Rezee has 10 seconds left.
|inactive|Rezee has 5 seconds left.
|
|move|p1a: Clefable|Thunder Wave|p2a: Je pleure
|-fail|p2a: Je pleure|par
|move|p2a: Je pleure|Shadow Ball|p1a: Clefable
|-damage|p1a: Clefable|68/100 tox
|
|-heal|p1a: Clefable|74/100 tox|[from] item: Leftovers
|upkeep
|turn|87
|inactive|Rezee has 15 seconds left this turn.
|inactive|Rezee has 10 seconds left.
|inactive|Rezee has 5 seconds left.
|
|move|p1a: Clefable|Thunder Wave|p2a: Je pleure
|-fail|p2a: Je pleure|par
|move|p2a: Je pleure|Shadow Ball|p1a: Clefable
|-damage|p1a: Clefable|55/100 tox
|
|-heal|p1a: Clefable|61/100 tox|[from] item: Leftovers
|upkeep
|turn|88
|inactive|Rezee has 15 seconds left this turn.
|inactive|Rezee has 10 seconds left.
|inactive|Rezee has 5 seconds left.
|
|move|p1a: Clefable|Thunder Wave|p2a: Je pleure
|-fail|p2a: Je pleure|par
|move|p2a: Je pleure|Shadow Ball|p1a: Clefable
|-damage|p1a: Clefable|41/100 tox
|
|-heal|p1a: Clefable|47/100 tox|[from] item: Leftovers
|upkeep
|turn|89
|inactive|Rezee has 10 seconds left this turn.
|inactive|Rezee has 5 seconds left.
|
|move|p1a: Clefable|Wish|p1a: Clefable
|move|p2a: Je pleure|Shadow Ball|p1a: Clefable
|-damage|p1a: Clefable|27/100 tox
|-unboost|p1a: Clefable|spd|1
|
|-heal|p1a: Clefable|33/100 tox|[from] item: Leftovers
|upkeep
|turn|90
|inactive|Rezee has 10 seconds left this turn.
|inactive|Rezee has 5 seconds left.
|
|move|p1a: Clefable|Thunder Wave|p2a: Je pleure
|-fail|p2a: Je pleure|par
|cant|p2a: Je pleure|par
|
|-heal|p1a: Clefable|83/100 tox|[from] move: Wish|[wisher] Clefable
|-heal|p1a: Clefable|89/100 tox|[from] item: Leftovers
|upkeep
|turn|91
|inactive|Rezee has 10 seconds left this turn.
|inactive|Rezee has 5 seconds left.
|
|move|p1a: Clefable|Thunder Wave|p2a: Je pleure|[miss]
|-miss|p1a: Clefable|p2a: Je pleure
|move|p2a: Je pleure|Shadow Ball|p1a: Clefable
|-damage|p1a: Clefable|64/100 tox
|-unboost|p1a: Clefable|spd|1
|
|-heal|p1a: Clefable|70/100 tox|[from] item: Leftovers
|upkeep
|turn|92
|inactive|Rezee has 10 seconds left this turn.
|inactive|Rezee has 5 seconds left.
|
|move|p1a: Clefable|Thunder Wave|p2a: Je pleure
|-fail|p2a: Je pleure|par
|move|p2a: Je pleure|Shadow Ball|p1a: Clefable
|-damage|p1a: Clefable|39/100 tox
|
|-heal|p1a: Clefable|45/100 tox|[from] item: Leftovers
|upkeep
|turn|93
|inactive|Rezee has 10 seconds left this turn.
|inactive|Rezee has 5 seconds left.
|
|move|p1a: Clefable|Wish|p1a: Clefable
|move|p2a: Je pleure|Shadow Ball|p1a: Clefable
|-damage|p1a: Clefable|13/100 tox
|
|-heal|p1a: Clefable|19/100 tox|[from] item: Leftovers
|upkeep
|turn|94
|inactive|Rezee has 10 seconds left this turn.
|inactive|Rezee has 5 seconds left.
|
|move|p1a: Clefable|Thunder Wave|p2a: Je pleure
|-fail|p2a: Je pleure|par
|move|p2a: Je pleure|Shadow Ball|p1a: Clefable
|-damage|p1a: Clefable|0 fnt
|faint|p1a: Clefable
|
|win|Cesar16
|inactive|Rezee has 10 seconds left this turn.
|raw|Rezee's rating: 1098 → 1074(-24 for losing)
|raw|Cesar16's rating: 1101 → 1126(+25 for winning)
