|ScrapeTime|2020-01-01-09:55:54
|j|☆thegamingAC130
|j|☆lemones
|player|p1|thegamingAC130|170|1239
|player|p2|lemones|sabrina|1250
|teamsize|p1|6
|teamsize|p2|6
|gametype|singles
|gen|8
|tier|[Gen 8] OU
|rated|
|rule|Sleep Clause Mod: Limit one foe put to sleep
|rule|Species Clause: Limit one of each Pokémon
|rule|OHKO Clause: OHKO moves are banned
|rule|Evasion Moves Clause: Evasion moves are banned
|rule|Endless Battle Clause: Forcing endless battles is banned
|rule|HP Percentage Mod: HP is shown in percentages
|clearpoke
|poke|p1|Salazzle, F|
|poke|p1|Dragapult, M|
|poke|p1|Corviknight, F|
|poke|p1|Grimmsnarl, M|
|poke|p1|Dugtrio, M|
|poke|p1|Toxapex, F|
|poke|p2|Tyranitar, F|
|poke|p2|Excadrill, M|
|poke|p2|Seismitoad, F|
|poke|p2|Clefable, M|
|poke|p2|Corviknight, M|
|poke|p2|Gyarados, M|
|rule|Dynamax Clause: You cannot dynamax
|teampreview
|inactive|Battle timer is ON: inactive players will automatically lose when time's up. (requested by lemones)
|
|start
|switch|p1a: Dragapult|Dragapult, M|100/100
|switch|p2a: Clefable|Clefable, M|100/100
|turn|1
|
|move|p1a: Dragapult|U-turn|p2a: Clefable
|-resisted|p2a: Clefable
|-damage|p2a: Clefable|91/100
|
|switch|p1a: Toxapex|Toxapex, F|100/100|[from]move: U-turn
|move|p2a: Clefable|Moonblast|p1a: Toxapex
|-resisted|p1a: Toxapex
|-damage|p1a: Toxapex|88/100
|-enditem|p1a: Toxapex|Eject Button
|
|switch|p1a: Salazzle|Salazzle, F|100/100
|
|-heal|p2a: Clefable|97/100|[from] item: Leftovers
|upkeep
|turn|2
|
|switch|p2a: Seismitoad|Seismitoad, F|100/100
|move|p1a: Salazzle|Substitute|p1a: Salazzle
|-start|p1a: Salazzle|Substitute
|-damage|p1a: Salazzle|76/100
|
|-heal|p1a: Salazzle|82/100|[from] item: Black Sludge
|upkeep
|turn|3
|
|move|p1a: Salazzle|Toxic|p2a: Seismitoad
|-status|p2a: Seismitoad|tox
|move|p2a: Seismitoad|Earth Power|p1a: Salazzle
|-supereffective|p1a: Salazzle
|-end|p1a: Salazzle|Substitute
|
|-heal|p1a: Salazzle|88/100|[from] item: Black Sludge
|-damage|p2a: Seismitoad|94/100 tox|[from] psn
|upkeep
|turn|4
|
|move|p1a: Salazzle|Substitute|p1a: Salazzle
|-start|p1a: Salazzle|Substitute
|-damage|p1a: Salazzle|63/100
|move|p2a: Seismitoad|Stealth Rock|p1a: Salazzle
|-sidestart|p1: thegamingAC130|move: Stealth Rock
|
|-heal|p1a: Salazzle|70/100|[from] item: Black Sludge
|-heal|p2a: Seismitoad|100/100 tox|[from] item: Leftovers
|-damage|p2a: Seismitoad|88/100 tox|[from] psn
|upkeep
|turn|5
|
|move|p1a: Salazzle|Protect|p1a: Salazzle
|-singleturn|p1a: Salazzle|Protect
|move|p2a: Seismitoad|Earth Power|p1a: Salazzle
|-activate|p1a: Salazzle|move: Protect
|
|-heal|p1a: Salazzle|76/100|[from] item: Black Sludge
|-heal|p2a: Seismitoad|94/100 tox|[from] item: Leftovers
|-damage|p2a: Seismitoad|76/100 tox|[from] psn
|upkeep
|turn|6
|
|switch|p2a: Tyranitar|Tyranitar, F|100/100
|-weather|Sandstorm|[from] ability: Sand Stream|[of] p2a: Tyranitar
|move|p1a: Salazzle|Sludge Wave|p2a: Tyranitar
|-resisted|p2a: Tyranitar
|-damage|p2a: Tyranitar|94/100
|
|-weather|Sandstorm|[upkeep]
|-damage|p1a: Salazzle|70/100|[from] Sandstorm
|-heal|p1a: Salazzle|76/100|[from] item: Black Sludge
|upkeep
|turn|7
|
|move|p1a: Salazzle|Toxic|p2a: Tyranitar
|-status|p2a: Tyranitar|tox
|move|p2a: Tyranitar|Hydro Pump|p1a: Salazzle
|-supereffective|p1a: Salazzle
|-end|p1a: Salazzle|Substitute
|
|-weather|Sandstorm|[upkeep]
|-damage|p1a: Salazzle|70/100|[from] Sandstorm
|-heal|p1a: Salazzle|76/100|[from] item: Black Sludge
|-damage|p2a: Tyranitar|88/100 tox|[from] psn
|upkeep
|turn|8
|
|switch|p1a: Corviknight|Corviknight, F|100/100
|-damage|p1a: Corviknight|88/100|[from] Stealth Rock
|-ability|p1a: Corviknight|Pressure
|move|p2a: Tyranitar|Hydro Pump|p1a: Corviknight
|-damage|p1a: Corviknight|59/100
|
|-weather|Sandstorm|[upkeep]
|-heal|p1a: Corviknight|65/100|[from] item: Leftovers
|-damage|p2a: Tyranitar|76/100 tox|[from] psn
|upkeep
|turn|9
|
|move|p1a: Corviknight|Defog|p2a: Tyranitar
|-unboost|p2a: Tyranitar|evasion|1
|-sideend|p1: thegamingAC130|Stealth Rock|[from] move: Defog|[of] p1a: Corviknight
|move|p2a: Tyranitar|Fire Blast|p1a: Corviknight
|-supereffective|p1a: Corviknight
|-damage|p1a: Corviknight|15/100
|
|-weather|Sandstorm|[upkeep]
|-heal|p1a: Corviknight|21/100|[from] item: Leftovers
|-damage|p2a: Tyranitar|58/100 tox|[from] psn
|upkeep
|turn|10
|
|switch|p2a: Clefable|Clefable, M|97/100
|move|p1a: Corviknight|Roost|p1a: Corviknight
|-heal|p1a: Corviknight|71/100
|-singleturn|p1a: Corviknight|move: Roost
|
|-weather|none
|-heal|p1a: Corviknight|77/100|[from] item: Leftovers
|-heal|p2a: Clefable|100/100|[from] item: Leftovers
|upkeep
|turn|11
|
|move|p1a: Corviknight|U-turn|p2a: Clefable
|-resisted|p2a: Clefable
|-damage|p2a: Clefable|92/100
|
|switch|p1a: Salazzle|Salazzle, F|76/100|[from]move: U-turn
|move|p2a: Clefable|Aromatherapy|p2a: Clefable
|-activate|p2a: Clefable|move: Aromatherapy
|-curestatus|p2: Tyranitar|tox|[msg]
|-curestatus|p2: Seismitoad|tox|[msg]
|
|-heal|p1a: Salazzle|82/100|[from] item: Black Sludge
|-heal|p2a: Clefable|98/100|[from] item: Leftovers
|upkeep
|turn|12
|j| eAnime
|c| eAnime|i hope you miss
|c| eAnime|ac
|
|move|p1a: Salazzle|Substitute|p1a: Salazzle
|-start|p1a: Salazzle|Substitute
|-damage|p1a: Salazzle|57/100
|move|p2a: Clefable|Wish|p2a: Clefable
|
|-heal|p1a: Salazzle|63/100|[from] item: Black Sludge
|-heal|p2a: Clefable|100/100|[from] item: Leftovers
|upkeep
|turn|13
|c| eAnime|yes
|
|switch|p2a: Seismitoad|Seismitoad, F|76/100
|move|p1a: Salazzle|Toxic|p2a: Seismitoad
|-status|p2a: Seismitoad|tox
|
|-heal|p2a: Seismitoad|100/100 tox|[from] move: Wish|[wisher] Clefable
|-heal|p1a: Salazzle|70/100|[from] item: Black Sludge
|-damage|p2a: Seismitoad|94/100 tox|[from] psn
|upkeep
|turn|14
|
|move|p1a: Salazzle|Protect|p1a: Salazzle
|-singleturn|p1a: Salazzle|Protect
|move|p2a: Seismitoad|Earth Power|p1a: Salazzle
|-activate|p1a: Salazzle|move: Protect
|
|-heal|p1a: Salazzle|76/100|[from] item: Black Sludge
|-heal|p2a: Seismitoad|100/100 tox|[from] item: Leftovers
|-damage|p2a: Seismitoad|88/100 tox|[from] psn
|upkeep
|turn|15
|
|move|p1a: Salazzle|Sludge Wave|p2a: Seismitoad
|-resisted|p2a: Seismitoad
|-damage|p2a: Seismitoad|71/100 tox
|move|p2a: Seismitoad|Earth Power|p1a: Salazzle
|-supereffective|p1a: Salazzle
|-end|p1a: Salazzle|Substitute
|
|-heal|p1a: Salazzle|82/100|[from] item: Black Sludge
|-heal|p2a: Seismitoad|77/100 tox|[from] item: Leftovers
|-damage|p2a: Seismitoad|59/100 tox|[from] psn
|upkeep
|turn|16
|
|switch|p1a: Corviknight|Corviknight, F|77/100
|-ability|p1a: Corviknight|Pressure
|switch|p2a: Tyranitar|Tyranitar, F|58/100
|-weather|Sandstorm|[from] ability: Sand Stream|[of] p2a: Tyranitar
|
|-weather|Sandstorm|[upkeep]
|-heal|p1a: Corviknight|83/100|[from] item: Leftovers
|upkeep
|turn|17
|
|move|p1a: Corviknight|U-turn|p2a: Tyranitar
|-supereffective|p2a: Tyranitar
|-damage|p2a: Tyranitar|34/100
|
|switch|p1a: Dragapult|Dragapult, M|100/100|[from]move: U-turn
|move|p2a: Tyranitar|Fire Blast|p1a: Dragapult
|-resisted|p1a: Dragapult
|-damage|p1a: Dragapult|78/100
|
|-weather|Sandstorm|[upkeep]
|-damage|p1a: Dragapult|72/100|[from] Sandstorm
|upkeep
|turn|18
|
|move|p1a: Dragapult|U-turn|p2a: Tyranitar
|-supereffective|p2a: Tyranitar
|-damage|p2a: Tyranitar|6/100
|
|switch|p1a: Toxapex|Toxapex, F|100/100|[from]move: U-turn
|move|p2a: Tyranitar|Dark Pulse|p1a: Toxapex
|-damage|p1a: Toxapex|70/100
|
|-weather|Sandstorm|[upkeep]
|-damage|p1a: Toxapex|65/100|[from] Sandstorm
|upkeep
|turn|19
|
|switch|p2a: Corviknight|Corviknight, M|100/100
|-ability|p2a: Corviknight|Pressure
|switch|p1a: Corviknight|Corviknight, F|83/100
|-ability|p1a: Corviknight|Pressure
|
|-weather|Sandstorm|[upkeep]
|-heal|p1a: Corviknight|90/100|[from] item: Leftovers
|upkeep
|turn|20
|
|move|p2a: Corviknight|Brave Bird|p1a: Corviknight
|-resisted|p1a: Corviknight
|-damage|p1a: Corviknight|77/100
|-damage|p2a: Corviknight|96/100|[from] Recoil
|move|p1a: Corviknight|U-turn|p2a: Corviknight
|-resisted|p2a: Corviknight
|-damage|p2a: Corviknight|93/100
|
|switch|p1a: Salazzle|Salazzle, F|82/100|[from]move: U-turn
|
|-weather|none
|-heal|p1a: Salazzle|88/100|[from] item: Black Sludge
|-heal|p2a: Corviknight|99/100|[from] item: Leftovers
|upkeep
|turn|21
|
|move|p1a: Salazzle|Substitute|p1a: Salazzle
|-start|p1a: Salazzle|Substitute
|-damage|p1a: Salazzle|63/100
|move|p2a: Corviknight|Brave Bird|p1a: Salazzle
|-end|p1a: Salazzle|Substitute
|-damage|p2a: Corviknight|91/100|[from] Recoil|[of] p1a: Salazzle
|
|-heal|p1a: Salazzle|70/100|[from] item: Black Sludge
|-heal|p2a: Corviknight|97/100|[from] item: Leftovers
|upkeep
|turn|22
|
|move|p1a: Salazzle|Toxic|p2a: Corviknight
|-status|p2a: Corviknight|tox
|move|p2a: Corviknight|Brave Bird|p1a: Salazzle
|-damage|p1a: Salazzle|13/100
|-damage|p2a: Corviknight|79/100 tox|[from] Recoil
|
|-heal|p1a: Salazzle|19/100|[from] item: Black Sludge
|-heal|p2a: Corviknight|85/100 tox|[from] item: Leftovers
|-damage|p2a: Corviknight|79/100 tox|[from] psn
|upkeep
|turn|23
|
|move|p1a: Salazzle|Protect|p1a: Salazzle
|-singleturn|p1a: Salazzle|Protect
|move|p2a: Corviknight|Roost|p2a: Corviknight
|-heal|p2a: Corviknight|100/100 tox
|-singleturn|p2a: Corviknight|move: Roost
|
|-heal|p1a: Salazzle|25/100|[from] item: Black Sludge
|-damage|p2a: Corviknight|88/100 tox|[from] psn
|upkeep
|turn|24
|
|switch|p1a: Corviknight|Corviknight, F|77/100
|-ability|p1a: Corviknight|Pressure
|move|p2a: Corviknight|Brave Bird|p1a: Corviknight
|-resisted|p1a: Corviknight
|-damage|p1a: Corviknight|63/100
|-damage|p2a: Corviknight|83/100 tox|[from] Recoil
|
|-heal|p2a: Corviknight|89/100 tox|[from] item: Leftovers
|-heal|p1a: Corviknight|70/100|[from] item: Leftovers
|-damage|p2a: Corviknight|71/100 tox|[from] psn
|upkeep
|turn|25
|
|switch|p2a: Clefable|Clefable, M|100/100
|move|p1a: Corviknight|U-turn|p2a: Clefable
|-resisted|p2a: Clefable
|-damage|p2a: Clefable|92/100
|
|switch|p1a: Salazzle|Salazzle, F|25/100|[from]move: U-turn
|
|-heal|p1a: Salazzle|31/100|[from] item: Black Sludge
|-heal|p2a: Clefable|98/100|[from] item: Leftovers
|upkeep
|turn|26
|
|move|p1a: Salazzle|Substitute|p1a: Salazzle
|-start|p1a: Salazzle|Substitute
|-damage|p1a: Salazzle|6/100
|move|p2a: Clefable|Wish|p2a: Clefable
|
|-heal|p1a: Salazzle|13/100|[from] item: Black Sludge
|-heal|p2a: Clefable|100/100|[from] item: Leftovers
|upkeep
|turn|27
|
|move|p1a: Salazzle|Sludge Wave|p2a: Clefable
|-supereffective|p2a: Clefable
|-damage|p2a: Clefable|49/100
|move|p2a: Clefable|Aromatherapy|p2a: Clefable
|-activate|p2a: Clefable|move: Aromatherapy
|-curestatus|p2: Seismitoad|tox|[msg]
|-curestatus|p2: Corviknight|tox|[msg]
|
|-heal|p2a: Clefable|99/100|[from] move: Wish|[wisher] Clefable
|-heal|p1a: Salazzle|19/100|[from] item: Black Sludge
|-heal|p2a: Clefable|100/100|[from] item: Leftovers
|upkeep
|turn|28
|
|switch|p2a: Corviknight|Corviknight, M|71/100
|-ability|p2a: Corviknight|Pressure
|move|p1a: Salazzle|Sludge Wave|p2a: Corviknight
|-immune|p2a: Corviknight
|
|-heal|p1a: Salazzle|25/100|[from] item: Black Sludge
|-heal|p2a: Corviknight|77/100|[from] item: Leftovers
|upkeep
|turn|29
|
|move|p1a: Salazzle|Protect|p1a: Salazzle
|-singleturn|p1a: Salazzle|Protect
|move|p2a: Corviknight|Brave Bird|p1a: Salazzle
|-activate|p1a: Salazzle|move: Protect
|
|-heal|p1a: Salazzle|31/100|[from] item: Black Sludge
|-heal|p2a: Corviknight|83/100|[from] item: Leftovers
|upkeep
|turn|30
|
|move|p1a: Salazzle|Toxic|p2a: Corviknight
|-status|p2a: Corviknight|tox
|move|p2a: Corviknight|Brave Bird|p1a: Salazzle
|-end|p1a: Salazzle|Substitute
|-damage|p2a: Corviknight|75/100 tox|[from] Recoil|[of] p1a: Salazzle
|
|-heal|p1a: Salazzle|37/100|[from] item: Black Sludge
|-heal|p2a: Corviknight|81/100 tox|[from] item: Leftovers
|-damage|p2a: Corviknight|75/100 tox|[from] psn
|upkeep
|turn|31
|
|move|p1a: Salazzle|Substitute|p1a: Salazzle
|-start|p1a: Salazzle|Substitute
|-damage|p1a: Salazzle|13/100
|move|p2a: Corviknight|Roost|p2a: Corviknight
|-heal|p2a: Corviknight|100/100 tox
|-singleturn|p2a: Corviknight|move: Roost
|
|-heal|p1a: Salazzle|19/100|[from] item: Black Sludge
|-damage|p2a: Corviknight|88/100 tox|[from] psn
|upkeep
|turn|32
|
|move|p1a: Salazzle|Protect|p1a: Salazzle
|-singleturn|p1a: Salazzle|Protect
|move|p2a: Corviknight|Brave Bird|p1a: Salazzle
|-activate|p1a: Salazzle|move: Protect
|
|-heal|p1a: Salazzle|25/100|[from] item: Black Sludge
|-heal|p2a: Corviknight|94/100 tox|[from] item: Leftovers
|-damage|p2a: Corviknight|76/100 tox|[from] psn
|upkeep
|turn|33
|
|move|p1a: Salazzle|Sludge Wave|p2a: Corviknight
|-immune|p2a: Corviknight
|move|p2a: Corviknight|Brave Bird|p1a: Salazzle
|-end|p1a: Salazzle|Substitute
|-damage|p2a: Corviknight|68/100 tox|[from] Recoil|[of] p1a: Salazzle
|
|-heal|p1a: Salazzle|31/100|[from] item: Black Sludge
|-heal|p2a: Corviknight|74/100 tox|[from] item: Leftovers
|-damage|p2a: Corviknight|50/100 tox|[from] psn
|upkeep
|turn|34
|
|switch|p1a: Dragapult|Dragapult, M|72/100
|switch|p2a: Excadrill|Excadrill, M|100/100
|-ability|p2a: Excadrill|Mold Breaker
|
|upkeep
|turn|35
|
|switch|p2a: Clefable|Clefable, M|100/100
|move|p1a: Dragapult|U-turn|p2a: Clefable
|-resisted|p2a: Clefable
|-damage|p2a: Clefable|91/100
|
|switch|p1a: Dugtrio|Dugtrio, M|100/100|[from]move: U-turn
|
|-heal|p2a: Clefable|97/100|[from] item: Leftovers
|upkeep
|turn|36
|
|move|p1a: Dugtrio|Earthquake|p2a: Clefable
|-damage|p2a: Clefable|44/100
|move|p2a: Clefable|Wish|p2a: Clefable
|
|-heal|p2a: Clefable|50/100|[from] item: Leftovers
|upkeep
|turn|37
|
|move|p2a: Clefable|Protect|p2a: Clefable
|-singleturn|p2a: Clefable|Protect
|move|p1a: Dugtrio|Earthquake|p2a: Clefable
|-activate|p2a: Clefable|move: Protect
|
|-heal|p2a: Clefable|100/100|[from] move: Wish|[wisher] Clefable
|upkeep
|turn|38
|
|move|p1a: Dugtrio|Earthquake|p2a: Clefable
|-damage|p2a: Clefable|48/100
|move|p2a: Clefable|Moonblast|p1a: Dugtrio
|-damage|p1a: Dugtrio|28/100
|
|-heal|p2a: Clefable|54/100|[from] item: Leftovers
|upkeep
|turn|39
|l| eAnime
|
|move|p1a: Dugtrio|Earthquake|p2a: Clefable
|-damage|p2a: Clefable|7/100
|move|p2a: Clefable|Wish|p2a: Clefable
|
|-heal|p2a: Clefable|13/100|[from] item: Leftovers
|upkeep
|turn|40
|
|move|p2a: Clefable|Protect|p2a: Clefable
|-singleturn|p2a: Clefable|Protect
|move|p1a: Dugtrio|Earthquake|p2a: Clefable
|-activate|p2a: Clefable|move: Protect
|
|-heal|p2a: Clefable|63/100|[from] move: Wish|[wisher] Clefable
|-heal|p2a: Clefable|70/100|[from] item: Leftovers
|upkeep
|turn|41
|
|move|p1a: Dugtrio|Earthquake|p2a: Clefable
|-damage|p2a: Clefable|21/100
|move|p2a: Clefable|Wish|p2a: Clefable
|
|-heal|p2a: Clefable|27/100|[from] item: Leftovers
|upkeep
|turn|42
|
|move|p2a: Clefable|Protect|p2a: Clefable
|-singleturn|p2a: Clefable|Protect
|move|p1a: Dugtrio|Earthquake|p2a: Clefable
|-activate|p2a: Clefable|move: Protect
|
|-heal|p2a: Clefable|77/100|[from] move: Wish|[wisher] Clefable
|-heal|p2a: Clefable|83/100|[from] item: Leftovers
|upkeep
|turn|43
|
|move|p1a: Dugtrio|Earthquake|p2a: Clefable
|-damage|p2a: Clefable|36/100
|move|p2a: Clefable|Aromatherapy|p2a: Clefable
|-activate|p2a: Clefable|move: Aromatherapy
|-curestatus|p2: Corviknight|tox|[msg]
|
|-heal|p2a: Clefable|42/100|[from] item: Leftovers
|upkeep
|turn|44
|
|move|p2a: Clefable|Protect|p2a: Clefable
|-singleturn|p2a: Clefable|Protect
|move|p1a: Dugtrio|Earthquake|p2a: Clefable
|-activate|p2a: Clefable|move: Protect
|
|-heal|p2a: Clefable|48/100|[from] item: Leftovers
|upkeep
|turn|45
|
|move|p1a: Dugtrio|Earthquake|p2a: Clefable
|-damage|p2a: Clefable|0 fnt
|faint|p2a: Clefable
|
|upkeep
|
|switch|p2a: Gyarados|Gyarados, M|100/100
|turn|46
|
|move|p1a: Dugtrio|Memento|p2a: Gyarados
|-unboost|p2a: Gyarados|atk|2
|-unboost|p2a: Gyarados|spa|2
|faint|p1a: Dugtrio
|move|p2a: Gyarados|Dragon Dance|p2a: Gyarados
|-boost|p2a: Gyarados|atk|1
|-boost|p2a: Gyarados|spe|1
|
|upkeep
|
|switch|p1a: Grimmsnarl|Grimmsnarl, M|100/100
|turn|47
|
|move|p1a: Grimmsnarl|Bulk Up|p1a: Grimmsnarl
|-boost|p1a: Grimmsnarl|atk|1
|-boost|p1a: Grimmsnarl|def|1
|move|p2a: Gyarados|Bounce||[still]
|-prepare|p2a: Gyarados|Bounce|p1a: Grimmsnarl
|
|upkeep
|turn|48
|
|move|p1a: Grimmsnarl|Bulk Up|p1a: Grimmsnarl
|-boost|p1a: Grimmsnarl|atk|1
|-boost|p1a: Grimmsnarl|def|1
|move|p2a: Gyarados|Bounce|p1a: Grimmsnarl|[from]lockedmove|[miss]
|-miss|p2a: Gyarados|p1a: Grimmsnarl
|
|upkeep
|turn|49
|
|move|p1a: Grimmsnarl|Bulk Up|p1a: Grimmsnarl
|-boost|p1a: Grimmsnarl|atk|1
|-boost|p1a: Grimmsnarl|def|1
|move|p2a: Gyarados|Dragon Dance|p2a: Gyarados
|-boost|p2a: Gyarados|atk|1
|-boost|p2a: Gyarados|spe|1
|
|upkeep
|turn|50
|
|move|p1a: Grimmsnarl|Bulk Up|p1a: Grimmsnarl
|-boost|p1a: Grimmsnarl|atk|1
|-boost|p1a: Grimmsnarl|def|1
|move|p2a: Gyarados|Waterfall|p1a: Grimmsnarl
|-damage|p1a: Grimmsnarl|83/100
|
|-heal|p1a: Grimmsnarl|89/100|[from] item: Leftovers
|upkeep
|turn|51
|
|switch|p2a: Seismitoad|Seismitoad, F|59/100
|move|p1a: Grimmsnarl|Bulk Up|p1a: Grimmsnarl
|-boost|p1a: Grimmsnarl|atk|1
|-boost|p1a: Grimmsnarl|def|1
|
|-heal|p2a: Seismitoad|65/100|[from] item: Leftovers
|-heal|p1a: Grimmsnarl|95/100|[from] item: Leftovers
|upkeep
|turn|52
|
|move|p1a: Grimmsnarl|Bulk Up|p1a: Grimmsnarl
|-boost|p1a: Grimmsnarl|atk|1
|-boost|p1a: Grimmsnarl|def|1
|move|p2a: Seismitoad|Toxic|p1a: Grimmsnarl
|-status|p1a: Grimmsnarl|tox
|
|-heal|p2a: Seismitoad|71/100|[from] item: Leftovers
|-heal|p1a: Grimmsnarl|100/100 tox|[from] item: Leftovers
|-damage|p1a: Grimmsnarl|94/100 tox|[from] psn
|upkeep
|turn|53
|
|move|p2a: Seismitoad|Stealth Rock|p1a: Grimmsnarl
|-sidestart|p1: thegamingAC130|move: Stealth Rock
|move|p1a: Grimmsnarl|Darkest Lariat|p2a: Seismitoad
|-damage|p2a: Seismitoad|0 fnt
|faint|p2a: Seismitoad
|
|-heal|p1a: Grimmsnarl|100/100 tox|[from] item: Leftovers
|-damage|p1a: Grimmsnarl|88/100 tox|[from] psn
|upkeep
|l|☆lemones
|inactive|lemones disconnected and has a minute to reconnect!
|player|p2|
|c|☆thegamingAC130|gg :)
|inactive|lemones has 30 seconds to reconnect!
|inactive|lemones has 20 seconds to reconnect!
|inactive|lemones has 15 seconds to reconnect!
|inactive|lemones has 10 seconds to reconnect!
|inactive|lemones has 5 seconds to reconnect!
|-message|lemones lost due to inactivity.
|
|win|thegamingAC130
|raw|thegamingAC130's rating: 1239 → 1265(+26 for winning)
|raw|lemones's rating: 1250 → 1224(-26 for losing)
