|ScrapeTime|2020-01-02-13:35:34
|j|☆oiut
|j|☆henry_13_paolo
|player|p1|oiut|65|1000
|player|p2|henry_13_paolo|gambler|1050
|teamsize|p1|6
|teamsize|p2|6
|gametype|singles
|gen|8
|tier|[Gen 8] OU
|rated|
|rule|Sleep Clause Mod: Limit one foe put to sleep
|rule|Species Clause: Limit one of each Pokémon
|rule|OHKO Clause: OHKO moves are banned
|rule|Evasion Moves Clause: Evasion moves are banned
|rule|Endless Battle Clause: Forcing endless battles is banned
|rule|HP Percentage Mod: HP is shown in percentages
|clearpoke
|poke|p1|Conkeldurr, M|
|poke|p1|Toxtricity, M|
|poke|p1|Excadrill, M|
|poke|p1|Cinderace, F|
|poke|p1|Dragapult, F|
|poke|p1|Ribombee, F|
|poke|p2|Centiskorch, M|
|poke|p2|Corviknight, M|
|poke|p2|Grimmsnarl, M|
|poke|p2|Dragapult, F|
|poke|p2|Toxtricity, F|
|poke|p2|Rotom-Mow|
|rule|Dynamax Clause: You cannot dynamax
|teampreview
|
|start
|switch|p1a: Ribombee|Ribombee, F|100/100
|switch|p2a: Dragapult|Dragapult, F|100/100
|turn|1
|
|move|p2a: Dragapult|Steel Wing|p1a: Ribombee
|-supereffective|p1a: Ribombee
|-enditem|p1a: Ribombee|Focus Sash
|-damage|p1a: Ribombee|1/100
|move|p1a: Ribombee|Stun Spore|p2a: Dragapult|[miss]
|-miss|p1a: Ribombee|p2a: Dragapult
|
|upkeep
|turn|2
|
|switch|p1a: Conkeldurr|Conkeldurr, M|100/100
|move|p2a: Dragapult|Steel Wing|p1a: Conkeldurr
|-damage|p1a: Conkeldurr|72/100
|
|-status|p1a: Conkeldurr|brn|[from] item: Flame Orb
|upkeep
|turn|3
|
|switch|p2a: Corviknight|Corviknight, M|100/100
|move|p1a: Conkeldurr|Earthquake|p2a: Corviknight
|-immune|p2a: Corviknight
|
|-damage|p1a: Conkeldurr|66/100 brn|[from] brn
|upkeep
|turn|4
|
|move|p2a: Corviknight|Brave Bird|p1a: Conkeldurr
|-supereffective|p1a: Conkeldurr
|-damage|p1a: Conkeldurr|8/100 brn
|-damage|p2a: Corviknight|83/100|[from] Recoil
|move|p1a: Conkeldurr|Thunder Punch|p2a: Corviknight
|-supereffective|p2a: Corviknight
|-damage|p2a: Corviknight|2/100
|-status|p2a: Corviknight|par
|
|-heal|p2a: Corviknight|8/100 par|[from] item: Leftovers
|-damage|p1a: Conkeldurr|2/100 brn|[from] brn
|upkeep
|turn|5
|
|switch|p2a: Dragapult|Dragapult, F|100/100
|move|p1a: Conkeldurr|Drain Punch|p2a: Dragapult
|-immune|p2a: Dragapult
|
|-damage|p1a: Conkeldurr|0 fnt|[from] brn
|faint|p1a: Conkeldurr
|upkeep
|
|switch|p1a: Dragapult|Dragapult, F|100/100
|turn|6
|
|move|p2a: Dragapult|Dragon Darts|p1a: Dragapult
|-supereffective|p1a: Dragapult
|-damage|p1a: Dragapult|0 fnt
|-hitcount|p1a: Dragapult|1
|faint|p1a: Dragapult
|
|upkeep
|
|switch|p1a: Excadrill|Excadrill, M|100/100
|-ability|p1a: Excadrill|Mold Breaker
|turn|7
|
|switch|p2a: Grimmsnarl|Grimmsnarl, M|100/100
|move|p1a: Excadrill|Stealth Rock|p2a: Grimmsnarl
|-sidestart|p2: henry_13_paolo|move: Stealth Rock
|
|upkeep
|turn|8
|
|move|p2a: Grimmsnarl|Thunder Wave|p1a: Excadrill
|-immune|p1a: Excadrill
|move|p1a: Excadrill|Iron Head|p2a: Grimmsnarl
|-supereffective|p2a: Grimmsnarl
|-damage|p2a: Grimmsnarl|24/100
|
|upkeep
|turn|9
|
|switch|p2a: Centiskorch|Centiskorch, M|100/100
|move|p1a: Excadrill|Rapid Spin|p2a: Centiskorch
|-damage|p2a: Centiskorch|81/100
|-boost|p1a: Excadrill|spe|1
|
|upkeep
|turn|10
|
|move|p1a: Excadrill|Earthquake|p2a: Centiskorch
|-damage|p2a: Centiskorch|14/100
|move|p2a: Centiskorch|Flare Blitz|p1a: Excadrill
|-supereffective|p1a: Excadrill
|-enditem|p1a: Excadrill|Focus Sash
|-damage|p1a: Excadrill|1/100
|-damage|p2a: Centiskorch|0 fnt|[from] Recoil
|faint|p2a: Centiskorch
|
|upkeep
|
|switch|p2a: Rotom|Rotom-Mow|100/100
|-damage|p2a: Rotom|88/100|[from] Stealth Rock
|turn|11
|
|move|p1a: Excadrill|Earthquake|p2a: Rotom
|-damage|p2a: Rotom|26/100
|move|p2a: Rotom|Shadow Ball|p1a: Excadrill
|-damage|p1a: Excadrill|0 fnt
|faint|p1a: Excadrill
|
|upkeep
|
|switch|p1a: Ribombee|Ribombee, F|1/100
|turn|12
|
|move|p1a: Ribombee|Sticky Web|p2a: Rotom
|-sidestart|p2: henry_13_paolo|move: Sticky Web
|move|p2a: Rotom|Thunderbolt|p1a: Ribombee
|-damage|p1a: Ribombee|0 fnt
|faint|p1a: Ribombee
|
|upkeep
|
|switch|p1a: Cinderace|Cinderace, F|100/100
|turn|13
|
|move|p1a: Cinderace|Pyro Ball|p2a: Rotom
|-supereffective|p2a: Rotom
|-damage|p2a: Rotom|0 fnt
|-damage|p1a: Cinderace|91/100|[from] item: Life Orb
|faint|p2a: Rotom
|
|upkeep
|
|switch|p2a: Grimmsnarl|Grimmsnarl, M|24/100
|-damage|p2a: Grimmsnarl|11/100|[from] Stealth Rock
|-activate|p2a: Grimmsnarl|move: Sticky Web
|-unboost|p2a: Grimmsnarl|spe|1
|turn|14
|
|switch|p1a: Toxtricity|Toxtricity, M|100/100
|move|p2a: Grimmsnarl|Thunder Wave|p1a: Toxtricity
|-immune|p1a: Toxtricity
|
|upkeep
|turn|15
|
|switch|p2a: Toxtricity|Toxtricity, F|100/100
|-damage|p2a: Toxtricity|88/100|[from] Stealth Rock
|-activate|p2a: Toxtricity|move: Sticky Web
|-unboost|p2a: Toxtricity|spe|1
|move|p1a: Toxtricity|Volt Switch|p2a: Toxtricity
|-resisted|p2a: Toxtricity
|-damage|p2a: Toxtricity|49/100
|
|switch|p1a: Cinderace|Cinderace, F|91/100|[from]move: Volt Switch
|
|upkeep
|turn|16
|
|move|p1a: Cinderace|Pyro Ball|p2a: Toxtricity
|-damage|p2a: Toxtricity|0 fnt
|-damage|p1a: Cinderace|81/100|[from] item: Life Orb
|faint|p2a: Toxtricity
|
|upkeep
|
|switch|p2a: Dragapult|Dragapult, F|100/100
|-damage|p2a: Dragapult|88/100|[from] Stealth Rock
|-activate|p2a: Dragapult|move: Sticky Web
|-fail|p2a: Dragapult|unboost|[from] ability: Clear Body|[of] p2a: Dragapult
|turn|17
|
|move|p1a: Cinderace|Sucker Punch|p2a: Dragapult
|-supereffective|p2a: Dragapult
|-damage|p2a: Dragapult|5/100
|-damage|p1a: Cinderace|71/100|[from] item: Life Orb
|move|p2a: Dragapult|Dragon Darts|p1a: Cinderace
|-damage|p1a: Cinderace|19/100
|-crit|p1a: Cinderace
|-damage|p1a: Cinderace|0 fnt
|-hitcount|p1a: Cinderace|2
|faint|p1a: Cinderace
|
|upkeep
|
|switch|p1a: Toxtricity|Toxtricity, M|100/100
|turn|18
|c|☆oiut|crit mattered
|c|☆oiut|...
|
|move|p2a: Dragapult|Dragon Darts|p1a: Toxtricity
|-damage|p1a: Toxtricity|46/100
|-damage|p1a: Toxtricity|0 fnt
|-hitcount|p1a: Toxtricity|2
|faint|p1a: Toxtricity
|
|win|henry_13_paolo
|raw|oiut's rating: 1000 → 1000(+0 for losing)
|raw|henry_13_paolo's rating: 1050 → 1078(+28 for winning)
|l|☆henry_13_paolo
