|ScrapeTime|2020-01-02-04:35:55
|j|☆Infernape_Stan
|j|☆Ur Hot Takes Suck
|player|p1|Infernape_Stan|veteran|1104
|player|p2|Ur Hot Takes Suck|170|1132
|teamsize|p1|6
|teamsize|p2|6
|gametype|singles
|gen|8
|tier|[Gen 8] OU
|rated|
|rule|Sleep Clause Mod: Limit one foe put to sleep
|rule|Species Clause: Limit one of each Pokémon
|rule|OHKO Clause: OHKO moves are banned
|rule|Evasion Moves Clause: Evasion moves are banned
|rule|Endless Battle Clause: Forcing endless battles is banned
|rule|HP Percentage Mod: HP is shown in percentages
|clearpoke
|poke|p1|Pelipper, F|
|poke|p1|Corviknight, M|
|poke|p1|Ferrothorn, F|
|poke|p1|Barraskewda, M|
|poke|p1|Dracovish|
|poke|p1|Seismitoad, F|
|poke|p2|Conkeldurr, M|
|poke|p2|Toxtricity, M|
|poke|p2|Clefable, F|
|poke|p2|Rotom-Heat|
|poke|p2|Dracovish|
|poke|p2|Mandibuzz, F|
|rule|Dynamax Clause: You cannot dynamax
|teampreview
|
|start
|switch|p1a: Ferrothorn|Ferrothorn, F|100/100
|switch|p2a: Clefable|Clefable, F|100/100
|turn|1
|inactive|Battle timer is ON: inactive players will automatically lose when time's up. (requested by Infernape_Stan)
|
|move|p2a: Clefable|Flamethrower|p1a: Ferrothorn
|-supereffective|p1a: Ferrothorn
|-damage|p1a: Ferrothorn|0 fnt
|faint|p1a: Ferrothorn
|
|upkeep
|
|switch|p1a: Pelipper|Pelipper, F|100/100
|-weather|RainDance|[from] ability: Drizzle|[of] p1a: Pelipper
|turn|2
|
|move|p2a: Clefable|Thunderbolt|p1a: Pelipper
|-supereffective|p1a: Pelipper
|-damage|p1a: Pelipper|0 fnt
|faint|p1a: Pelipper
|
|-weather|RainDance|[upkeep]
|upkeep
|
|switch|p1a: Dracovish|Dracovish|100/100
|turn|3
|
|switch|p2a: Mandibuzz|Mandibuzz, F|100/100
|move|p1a: Dracovish|Fishious Rend|p2a: Mandibuzz
|-damage|p2a: Mandibuzz|0 fnt
|faint|p2a: Mandibuzz
|
|-weather|RainDance|[upkeep]
|upkeep
|
|switch|p2a: Conkeldurr|Conkeldurr, M|100/100
|turn|4
|
|move|p1a: Dracovish|Fishious Rend|p2a: Conkeldurr
|-damage|p2a: Conkeldurr|0 fnt
|faint|p2a: Conkeldurr
|
|-weather|RainDance|[upkeep]
|upkeep
|
|switch|p2a: Toxtricity|Toxtricity, M|100/100
|turn|5
|
|move|p1a: Dracovish|Fishious Rend|p2a: Toxtricity
|-damage|p2a: Toxtricity|0 fnt
|faint|p2a: Toxtricity
|
|-weather|RainDance|[upkeep]
|upkeep
|
|switch|p2a: Rotom|Rotom-Heat|100/100
|turn|6
|
|move|p2a: Rotom|Will-O-Wisp|p1a: Dracovish
|-status|p1a: Dracovish|brn
|move|p1a: Dracovish|Fishious Rend|p2a: Rotom
|-supereffective|p2a: Rotom
|-damage|p2a: Rotom|18/100
|
|-weather|RainDance|[upkeep]
|-damage|p1a: Dracovish|94/100 brn|[from] brn
|upkeep
|turn|7
|
|switch|p2a: Dracovish|Dracovish|100/100
|move|p1a: Dracovish|Fishious Rend|p2a: Dracovish
|-resisted|p2a: Dracovish
|-damage|p2a: Dracovish|79/100
|
|-weather|RainDance|[upkeep]
|-damage|p1a: Dracovish|88/100 brn|[from] brn
|upkeep
|turn|8
|
|move|p1a: Dracovish|Fishious Rend|p2a: Dracovish
|-resisted|p2a: Dracovish
|-damage|p2a: Dracovish|59/100
|move|p2a: Dracovish|Outrage|p1a: Dracovish
|-supereffective|p1a: Dracovish
|-damage|p1a: Dracovish|0 fnt
|faint|p1a: Dracovish
|
|-weather|RainDance|[upkeep]
|upkeep
|
|switch|p1a: Seismitoad|Seismitoad, F|100/100
|turn|9
|
|move|p1a: Seismitoad|Stealth Rock|p2a: Dracovish
|-sidestart|p2: Ur Hot Takes Suck|move: Stealth Rock
|move|p2a: Dracovish|Outrage|p1a: Seismitoad|[from]lockedmove
|-damage|p1a: Seismitoad|1/100
|-start|p2a: Dracovish|confusion|[fatigue]
|
|-weather|none
|-heal|p1a: Seismitoad|7/100|[from] item: Leftovers
|upkeep
|turn|10
|
|-activate|p2a: Dracovish|confusion
|-damage|p2a: Dracovish|40/100|[from] confusion
|move|p1a: Seismitoad|Earth Power|p2a: Dracovish
|-damage|p2a: Dracovish|0 fnt
|faint|p2a: Dracovish
|
|-heal|p1a: Seismitoad|13/100|[from] item: Leftovers
|upkeep
|
|switch|p2a: Clefable|Clefable, F|100/100
|turn|11
|
|move|p1a: Seismitoad|Earth Power|p2a: Clefable
|-damage|p2a: Clefable|60/100
|move|p2a: Clefable|Moonblast|p1a: Seismitoad
|-damage|p1a: Seismitoad|0 fnt
|faint|p1a: Seismitoad
|
|upkeep
|
|switch|p1a: Corviknight|Corviknight, M|100/100
|-ability|p1a: Corviknight|Pressure
|turn|12
|
|move|p2a: Clefable|Flamethrower|p1a: Corviknight
|-supereffective|p1a: Corviknight
|-damage|p1a: Corviknight|35/100
|move|p1a: Corviknight|Iron Head|p2a: Clefable
|-supereffective|p2a: Clefable
|-damage|p2a: Clefable|1/100
|
|-heal|p1a: Corviknight|41/100|[from] item: Leftovers
|upkeep
|turn|13
|
|move|p2a: Clefable|Flamethrower|p1a: Corviknight
|-supereffective|p1a: Corviknight
|-damage|p1a: Corviknight|0 fnt
|faint|p1a: Corviknight
|
|upkeep
|
|switch|p1a: Barraskewda|Barraskewda, M|100/100
|turn|14
|
|switch|p2a: Rotom|Rotom-Heat|18/100
|-damage|p2a: Rotom|0 fnt|[from] Stealth Rock
|faint|p2a: Rotom
|move|p1a: Barraskewda|Liquidation|p2: Rotom|[notarget]
|-fail|p1a: Barraskewda
|
|upkeep
|
|switch|p2a: Clefable|Clefable, F|1/100
|turn|15
|
|move|p1a: Barraskewda|Liquidation|p2a: Clefable
|-damage|p2a: Clefable|0 fnt
|-damage|p1a: Barraskewda|91/100|[from] item: Life Orb
|faint|p2a: Clefable
|
|win|Infernape_Stan
|c|☆Infernape_Stan|gg
|raw|Infernape_Stan's rating: 1104 → 1131(+27 for winning)
|raw|Ur Hot Takes Suck's rating: 1132 → 1105(-27 for losing)
|l|☆Ur Hot Takes Suck
