|ScrapeTime|2020-01-02-15:44:46
|j|☆AlphaDog199
|j|☆Blaxophone
|player|p1|AlphaDog199|acetrainer-gen4dp|1179
|player|p2|Blaxophone|265|1195
|teamsize|p1|6
|teamsize|p2|6
|gametype|singles
|gen|8
|tier|[Gen 8] OU
|rated|
|rule|Sleep Clause Mod: Limit one foe put to sleep
|rule|Species Clause: Limit one of each Pokémon
|rule|OHKO Clause: OHKO moves are banned
|rule|Evasion Moves Clause: Evasion moves are banned
|rule|Endless Battle Clause: Forcing endless battles is banned
|rule|HP Percentage Mod: HP is shown in percentages
|clearpoke
|poke|p1|Dragapult, F|
|poke|p1|Dracozolt|
|poke|p1|Rotom-Wash|
|poke|p1|Corviknight, F|
|poke|p1|Centiskorch, F|
|poke|p1|Clefable, M|
|poke|p2|Conkeldurr, F|
|poke|p2|Aegislash, M|
|poke|p2|Arcanine, M|
|poke|p2|Togekiss, F|
|poke|p2|Gastrodon, M|
|poke|p2|Bisharp, M|
|rule|Dynamax Clause: You cannot dynamax
|teampreview
|
|start
|switch|p1a: Rotom|Rotom-Wash|100/100
|switch|p2a: Togekiss|Togekiss, F|100/100
|turn|1
|inactive|Battle timer is ON: inactive players will automatically lose when time's up. (requested by AlphaDog199)
|
|switch|p2a: Gastrodon|Gastrodon, M|100/100
|move|p1a: Rotom|Trick|p2a: Gastrodon
|-activate|p1a: Rotom|move: Trick|[of] p2a: Gastrodon
|-item|p2a: Gastrodon|Choice Scarf|[from] move: Trick
|-item|p1a: Rotom|Leftovers|[from] move: Trick
|
|upkeep
|turn|2
|
|switch|p1a: Clefable|Clefable, M|100/100
|move|p2a: Gastrodon|Scald|p1a: Clefable
|-damage|p1a: Clefable|64/100
|
|upkeep
|turn|3
|
|move|p1a: Clefable|Stealth Rock|p2a: Gastrodon
|-sidestart|p2: Blaxophone|move: Stealth Rock
|move|p2a: Gastrodon|Scald|p1a: Clefable
|-damage|p1a: Clefable|26/100
|-status|p1a: Clefable|brn
|
|upkeep
|turn|4
|
|switch|p1a: Dracozolt|Dracozolt|100/100
|move|p2a: Gastrodon|Scald|p1a: Dracozolt
|-resisted|p1a: Dracozolt
|-damage|p1a: Dracozolt|73/100
|
|-heal|p1a: Dracozolt|80/100|[from] item: Leftovers
|upkeep
|turn|5
|
|move|p1a: Dracozolt|Substitute|p1a: Dracozolt
|-start|p1a: Dracozolt|Substitute
|-damage|p1a: Dracozolt|55/100
|move|p2a: Gastrodon|Scald|p1a: Dracozolt
|-resisted|p1a: Dracozolt
|-end|p1a: Dracozolt|Substitute
|
|-heal|p1a: Dracozolt|61/100|[from] item: Leftovers
|upkeep
|turn|6
|
|move|p1a: Dracozolt|Dragon Claw|p2a: Gastrodon
|-damage|p2a: Gastrodon|39/100
|move|p2a: Gastrodon|Scald|p1a: Dracozolt
|-resisted|p1a: Dracozolt
|-damage|p1a: Dracozolt|35/100
|-status|p1a: Dracozolt|brn
|
|-heal|p1a: Dracozolt|41/100 brn|[from] item: Leftovers
|-damage|p1a: Dracozolt|35/100 brn|[from] brn
|upkeep
|turn|7
|
|move|p1a: Dracozolt|Dragon Claw|p2a: Gastrodon
|-damage|p2a: Gastrodon|8/100
|move|p2a: Gastrodon|Scald|p1a: Dracozolt
|-resisted|p1a: Dracozolt
|-crit|p1a: Dracozolt
|-damage|p1a: Dracozolt|0 fnt
|faint|p1a: Dracozolt
|
|upkeep
|
|switch|p1a: Dragapult|Dragapult, F|100/100
|turn|8
|
|move|p1a: Dragapult|Shadow Ball|p2a: Gastrodon
|-damage|p2a: Gastrodon|0 fnt
|faint|p2a: Gastrodon
|
|upkeep
|
|switch|p2a: Bisharp|Bisharp, M|100/100
|-damage|p2a: Bisharp|95/100|[from] Stealth Rock
|turn|9
|
|switch|p1a: Rotom|Rotom-Wash|100/100
|move|p2a: Bisharp|Throat Chop|p1a: Rotom
|-damage|p1a: Rotom|55/100
|-start|p1a: Rotom|Throat Chop|[silent]
|
|-heal|p1a: Rotom|61/100|[from] item: Leftovers
|upkeep
|turn|10
|
|switch|p2a: Arcanine|Arcanine, M|100/100
|-damage|p2a: Arcanine|76/100|[from] Stealth Rock
|move|p1a: Rotom|Thunder Wave|p2a: Arcanine
|-status|p2a: Arcanine|par
|
|-heal|p1a: Rotom|67/100|[from] item: Leftovers
|-end|p1a: Rotom|Throat Chop|[silent]
|upkeep
|turn|11
|
|move|p1a: Rotom|Hydro Pump|p2a: Arcanine
|-supereffective|p2a: Arcanine
|-damage|p2a: Arcanine|0 fnt
|faint|p2a: Arcanine
|
|-heal|p1a: Rotom|72/100|[from] item: Leftovers
|upkeep
|
|switch|p2a: Conkeldurr|Conkeldurr, F|100/100
|-damage|p2a: Conkeldurr|94/100|[from] Stealth Rock
|turn|12
|
|move|p1a: Rotom|Thunder Wave|p2a: Conkeldurr
|-status|p2a: Conkeldurr|par
|move|p2a: Conkeldurr|Substitute|p2a: Conkeldurr
|-start|p2a: Conkeldurr|Substitute
|-damage|p2a: Conkeldurr|70/100 par
|
|-heal|p1a: Rotom|78/100|[from] item: Leftovers
|-heal|p2a: Conkeldurr|76/100 par|[from] item: Leftovers
|upkeep
|turn|13
|inactive|Blaxophone has 120 seconds left.
|
|move|p1a: Rotom|Volt Switch|p2a: Conkeldurr
|-end|p2a: Conkeldurr|Substitute
|
|switch|p1a: Centiskorch|Centiskorch, F|100/100|[from]move: Volt Switch
|move|p2a: Conkeldurr|Drain Punch|p1a: Centiskorch
|-resisted|p1a: Centiskorch
|-damage|p1a: Centiskorch|69/100
|-heal|p2a: Conkeldurr|91/100 par|[from] drain|[of] p1a: Centiskorch
|
|-heal|p2a: Conkeldurr|97/100 par|[from] item: Leftovers
|upkeep
|turn|14
|inactive|Blaxophone has 120 seconds left.
|
|switch|p2a: Togekiss|Togekiss, F|100/100
|-damage|p2a: Togekiss|76/100|[from] Stealth Rock
|move|p1a: Centiskorch|Coil|p1a: Centiskorch
|-boost|p1a: Centiskorch|atk|1
|-boost|p1a: Centiskorch|def|1
|-boost|p1a: Centiskorch|accuracy|1
|
|upkeep
|turn|15
|
|switch|p1a: Rotom|Rotom-Wash|78/100
|move|p2a: Togekiss|Air Slash|p1a: Rotom
|-resisted|p1a: Rotom
|-damage|p1a: Rotom|58/100
|
|-heal|p1a: Rotom|64/100|[from] item: Leftovers
|upkeep
|turn|16
|
|switch|p2a: Conkeldurr|Conkeldurr, F|97/100 par
|-damage|p2a: Conkeldurr|91/100 par|[from] Stealth Rock
|move|p1a: Rotom|Volt Switch|p2a: Conkeldurr
|-damage|p2a: Conkeldurr|60/100 par
|
|switch|p1a: Clefable|Clefable, M|26/100 brn|[from]move: Volt Switch
|
|-heal|p2a: Conkeldurr|66/100 par|[from] item: Leftovers
|upkeep
|turn|17
|
|move|p1a: Clefable|Moonblast|p2a: Conkeldurr
|-supereffective|p2a: Conkeldurr
|-damage|p2a: Conkeldurr|0 fnt
|faint|p2a: Conkeldurr
|
|upkeep
|
|switch|p2a: Aegislash|Aegislash, M|100/100
|-damage|p2a: Aegislash|94/100|[from] Stealth Rock
|turn|18
|
|move|p1a: Clefable|Flamethrower|p2a: Aegislash
|-supereffective|p2a: Aegislash
|-damage|p2a: Aegislash|33/100
|-enditem|p2a: Aegislash|Weakness Policy
|-boost|p2a: Aegislash|atk|2
|-boost|p2a: Aegislash|spa|2
|move|p2a: Aegislash|Swords Dance|p2a: Aegislash
|-boost|p2a: Aegislash|atk|2
|
|upkeep
|turn|19
|
|-formechange|p2a: Aegislash|Aegislash-Blade||[from] ability: Stance Change
|move|p2a: Aegislash|Shadow Sneak|p1a: Clefable
|-damage|p1a: Clefable|0 fnt
|faint|p1a: Clefable
|
|upkeep
|
|switch|p1a: Centiskorch|Centiskorch, F|69/100
|turn|20
|
|move|p2a: Aegislash|Shadow Sneak|p1a: Centiskorch
|-damage|p1a: Centiskorch|0 fnt
|faint|p1a: Centiskorch
|
|upkeep
|
|switch|p1a: Rotom|Rotom-Wash|64/100
|turn|21
|
|move|p2a: Aegislash|Shadow Sneak|p1a: Rotom
|-crit|p1a: Rotom
|-damage|p1a: Rotom|0 fnt
|faint|p1a: Rotom
|
|upkeep
|
|switch|p1a: Corviknight|Corviknight, F|100/100
|-ability|p1a: Corviknight|Pressure
|turn|22
|
|-formechange|p2a: Aegislash|Aegislash||[from] ability: Stance Change
|move|p2a: Aegislash|King's Shield|p2a: Aegislash
|-singleturn|p2a: Aegislash|Protect
|move|p1a: Corviknight|Brave Bird|p2a: Aegislash
|-activate|p2a: Aegislash|move: Protect
|-unboost|p1a: Corviknight|atk|1
|
|upkeep
|turn|23
|
|move|p1a: Corviknight|Brave Bird|p2a: Aegislash
|-resisted|p2a: Aegislash
|-damage|p2a: Aegislash|23/100
|-damage|p1a: Corviknight|98/100|[from] Recoil
|-formechange|p2a: Aegislash|Aegislash-Blade||[from] ability: Stance Change
|move|p2a: Aegislash|Close Combat|p1a: Corviknight
|-damage|p1a: Corviknight|0 fnt
|-unboost|p2a: Aegislash|def|1
|-unboost|p2a: Aegislash|spd|1
|faint|p1a: Corviknight
|
|upkeep
|
|switch|p1a: Dragapult|Dragapult, F|100/100
|turn|24
|c|☆AlphaDog199|gg
|
|move|p2a: Aegislash|Shadow Sneak|p1a: Dragapult
|-supereffective|p1a: Dragapult
|-damage|p1a: Dragapult|0 fnt
|faint|p1a: Dragapult
|
|win|Blaxophone
|l|☆AlphaDog199
|raw|AlphaDog199's rating: 1179 → 1154(-25 for losing)
|raw|Blaxophone's rating: 1172 → 1198(+26 for winning)
