|ScrapeTime|2020-01-03-01:28:40
|j|☆SteakSavoureux
|j|☆mariojmz011
|player|p1|SteakSavoureux|219|1219
|player|p2|mariojmz011|bruno|1200
|teamsize|p1|6
|teamsize|p2|6
|gametype|singles
|gen|8
|tier|[Gen 8] OU
|rated|
|rule|Sleep Clause Mod: Limit one foe put to sleep
|rule|Species Clause: Limit one of each Pokémon
|rule|OHKO Clause: OHKO moves are banned
|rule|Evasion Moves Clause: Evasion moves are banned
|rule|Endless Battle Clause: Forcing endless battles is banned
|rule|HP Percentage Mod: HP is shown in percentages
|clearpoke
|poke|p1|Mandibuzz, F|
|poke|p1|Clefable, M|
|poke|p1|Excadrill, F|
|poke|p1|Ferrothorn, F|
|poke|p1|Rotom-Heat|
|poke|p1|Dragapult, F|
|poke|p2|Mimikyu, F|
|poke|p2|Chandelure, F|
|poke|p2|Jellicent, M|
|poke|p2|Ferrothorn, F|
|poke|p2|Diggersby, M|
|poke|p2|Grimmsnarl, M|
|rule|Dynamax Clause: You cannot dynamax
|teampreview
|inactive|Battle timer is ON: inactive players will automatically lose when time's up. (requested by mariojmz011)
|
|start
|switch|p1a: Excadrill|Excadrill, F|100/100
|switch|p2a: Diggersby|Diggersby, M, shiny|100/100
|-ability|p1a: Excadrill|Mold Breaker
|-item|p1a: Excadrill|Air Balloon
|turn|1
|
|move|p1a: Excadrill|Earthquake|p2a: Diggersby
|-crit|p2a: Diggersby
|-damage|p2a: Diggersby|0 fnt
|faint|p2a: Diggersby
|
|upkeep
|
|switch|p2a: Ferrothorn|Ferrothorn, F, shiny|100/100
|turn|2
|
|switch|p1a: Mandibuzz|Mandibuzz, F|100/100
|move|p2a: Ferrothorn|Leech Seed|p1a: Mandibuzz
|-start|p1a: Mandibuzz|move: Leech Seed
|
|-damage|p1a: Mandibuzz|88/100|[from] Leech Seed|[of] p2a: Ferrothorn
|upkeep
|turn|3
|
|move|p1a: Mandibuzz|Taunt|p2a: Ferrothorn
|-start|p2a: Ferrothorn|move: Taunt
|cant|p2a: Ferrothorn|move: Taunt|Curse
|
|-damage|p1a: Mandibuzz|76/100|[from] Leech Seed|[of] p2a: Ferrothorn
|upkeep
|turn|4
|
|move|p1a: Mandibuzz|Knock Off|p2a: Ferrothorn
|-damage|p2a: Ferrothorn|86/100
|-damage|p1a: Mandibuzz|64/100|[from] ability: Iron Barbs|[of] p2a: Ferrothorn
|-damage|p1a: Mandibuzz|47/100|[from] item: Rocky Helmet|[of] p2a: Ferrothorn
|-enditem|p2a: Ferrothorn|Rocky Helmet|[from] move: Knock Off|[of] p1a: Mandibuzz
|move|p2a: Ferrothorn|Gyro Ball|p1a: Mandibuzz
|-damage|p1a: Mandibuzz|24/100
|
|-damage|p1a: Mandibuzz|11/100|[from] Leech Seed|[of] p2a: Ferrothorn
|-heal|p2a: Ferrothorn|100/100|[silent]
|upkeep
|turn|5
|
|move|p1a: Mandibuzz|Roost|p1a: Mandibuzz
|-heal|p1a: Mandibuzz|61/100
|-singleturn|p1a: Mandibuzz|move: Roost
|move|p2a: Ferrothorn|Power Whip|p1a: Mandibuzz
|-damage|p1a: Mandibuzz|41/100
|
|-damage|p1a: Mandibuzz|28/100|[from] Leech Seed|[of] p2a: Ferrothorn
|-end|p2a: Ferrothorn|move: Taunt
|upkeep
|turn|6
|
|switch|p2a: Grimmsnarl|Grimmsnarl, M, shiny|100/100
|move|p1a: Mandibuzz|Roost|p1a: Mandibuzz
|-heal|p1a: Mandibuzz|79/100
|-singleturn|p1a: Mandibuzz|move: Roost
|
|-damage|p1a: Mandibuzz|66/100|[from] Leech Seed|[of] p2a: Grimmsnarl
|upkeep
|turn|7
|
|move|p2a: Grimmsnarl|Bulk Up|p2a: Grimmsnarl
|-boost|p2a: Grimmsnarl|atk|1
|-boost|p2a: Grimmsnarl|def|1
|move|p1a: Mandibuzz|Knock Off|p2a: Grimmsnarl
|-resisted|p2a: Grimmsnarl
|-damage|p2a: Grimmsnarl|94/100
|-enditem|p2a: Grimmsnarl|Black Glasses|[from] move: Knock Off|[of] p1a: Mandibuzz
|
|-damage|p1a: Mandibuzz|54/100|[from] Leech Seed|[of] p2a: Grimmsnarl
|-heal|p2a: Grimmsnarl|100/100|[silent]
|upkeep
|turn|8
|
|switch|p1a: Clefable|Clefable, M|100/100
|move|p2a: Grimmsnarl|Spirit Break|p1a: Clefable
|-damage|p1a: Clefable|27/100
|-unboost|p1a: Clefable|spa|1
|
|upkeep
|turn|9
|
|move|p2a: Grimmsnarl|Sucker Punch|p1a: Clefable
|-resisted|p1a: Clefable
|-damage|p1a: Clefable|0 fnt
|faint|p1a: Clefable
|
|upkeep
|
|switch|p1a: Rotom|Rotom-Heat|100/100
|turn|10
|
|move|p2a: Grimmsnarl|Sucker Punch||[still]
|-fail|p2a: Grimmsnarl
|move|p1a: Rotom|Trick|p2a: Grimmsnarl
|-activate|p1a: Rotom|move: Trick|[of] p2a: Grimmsnarl
|-item|p2a: Grimmsnarl|Choice Scarf|[from] move: Trick
|-enditem|p1a: Rotom|Choice Scarf|[silent]|[from] move: Trick
|
|upkeep
|turn|11
|
|move|p2a: Grimmsnarl|Spirit Break|p1a: Rotom
|-resisted|p1a: Rotom
|-damage|p1a: Rotom|57/100
|-unboost|p1a: Rotom|spa|1
|move|p1a: Rotom|Volt Switch|p2a: Grimmsnarl
|-damage|p2a: Grimmsnarl|73/100
|
|switch|p1a: Ferrothorn|Ferrothorn, F|100/100|[from]move: Volt Switch
|
|upkeep
|turn|12
|
|move|p2a: Grimmsnarl|Spirit Break|p1a: Ferrothorn
|-resisted|p1a: Ferrothorn
|-damage|p1a: Ferrothorn|77/100
|-unboost|p1a: Ferrothorn|spa|1
|move|p1a: Ferrothorn|Stealth Rock|p2a: Grimmsnarl
|-sidestart|p2: mariojmz011|move: Stealth Rock
|
|-heal|p1a: Ferrothorn|84/100|[from] item: Leftovers
|upkeep
|turn|13
|
|move|p2a: Grimmsnarl|Spirit Break|p1a: Ferrothorn
|-resisted|p1a: Ferrothorn
|-damage|p1a: Ferrothorn|59/100
|-unboost|p1a: Ferrothorn|spa|1
|move|p1a: Ferrothorn|Leech Seed|p2a: Grimmsnarl
|-start|p2a: Grimmsnarl|move: Leech Seed
|
|-heal|p1a: Ferrothorn|65/100|[from] item: Leftovers
|-damage|p2a: Grimmsnarl|61/100|[from] Leech Seed|[of] p1a: Ferrothorn
|-heal|p1a: Ferrothorn|77/100|[silent]
|upkeep
|turn|14
|
|switch|p2a: Chandelure|Chandelure, F, shiny|100/100
|-damage|p2a: Chandelure|76/100|[from] Stealth Rock
|move|p1a: Ferrothorn|Protect||[still]
|-fail|p1a: Ferrothorn
|
|-heal|p2a: Chandelure|82/100|[from] item: Leftovers
|-heal|p1a: Ferrothorn|83/100|[from] item: Leftovers
|upkeep
|turn|15
|
|switch|p1a: Rotom|Rotom-Heat|57/100
|move|p2a: Chandelure|Flamethrower|p1a: Rotom
|-resisted|p1a: Rotom
|-damage|p1a: Rotom|20/100
|
|-heal|p2a: Chandelure|88/100|[from] item: Leftovers
|upkeep
|turn|16
|
|move|p1a: Rotom|Trick|p2a: Chandelure
|-activate|p1a: Rotom|move: Trick|[of] p2a: Chandelure
|-enditem|p2a: Chandelure|Leftovers|[silent]|[from] move: Trick
|-item|p1a: Rotom|Leftovers|[from] move: Trick
|move|p2a: Chandelure|Shadow Ball|p1a: Rotom
|-damage|p1a: Rotom|0 fnt
|faint|p1a: Rotom
|
|upkeep
|
|switch|p1a: Dragapult|Dragapult, F|100/100
|turn|17
|
|switch|p2a: Grimmsnarl|Grimmsnarl, M, shiny|61/100
|-damage|p2a: Grimmsnarl|49/100|[from] Stealth Rock
|move|p1a: Dragapult|Shadow Ball|p2a: Grimmsnarl
|-resisted|p2a: Grimmsnarl
|-damage|p2a: Grimmsnarl|14/100
|
|upkeep
|turn|18
|
|switch|p1a: Ferrothorn|Ferrothorn, F|83/100
|move|p2a: Grimmsnarl|Sucker Punch||[still]
|-fail|p2a: Grimmsnarl
|
|-heal|p1a: Ferrothorn|89/100|[from] item: Leftovers
|upkeep
|turn|19
|
|switch|p2a: Chandelure|Chandelure, F, shiny|88/100
|-damage|p2a: Chandelure|63/100|[from] Stealth Rock
|switch|p1a: Dragapult|Dragapult, F|100/100
|
|upkeep
|turn|20
|
|switch|p2a: Ferrothorn|Ferrothorn, F, shiny|100/100
|-damage|p2a: Ferrothorn|94/100|[from] Stealth Rock
|move|p1a: Dragapult|Shadow Ball|p2a: Ferrothorn
|-damage|p2a: Ferrothorn|56/100
|
|upkeep
|turn|21
|
|switch|p1a: Ferrothorn|Ferrothorn, F|89/100
|move|p2a: Ferrothorn|Leech Seed|p1a: Ferrothorn
|-immune|p1a: Ferrothorn
|
|-heal|p1a: Ferrothorn|96/100|[from] item: Leftovers
|upkeep
|turn|22
|
|switch|p1a: Excadrill|Excadrill, F|100/100
|-ability|p1a: Excadrill|Mold Breaker
|-item|p1a: Excadrill|Air Balloon
|move|p2a: Ferrothorn|Curse|p2a: Ferrothorn
|-unboost|p2a: Ferrothorn|spe|1
|-boost|p2a: Ferrothorn|atk|1
|-boost|p2a: Ferrothorn|def|1
|
|upkeep
|turn|23
|
|move|p1a: Excadrill|Swords Dance|p1a: Excadrill
|-boost|p1a: Excadrill|atk|2
|move|p2a: Ferrothorn|Gyro Ball|p1a: Excadrill
|-resisted|p1a: Excadrill
|-crit|p1a: Excadrill
|-damage|p1a: Excadrill|21/100
|-enditem|p1a: Excadrill|Air Balloon
|
|upkeep
|turn|24
|
|move|p1a: Excadrill|Earthquake|p2a: Ferrothorn
|-damage|p2a: Ferrothorn|12/100
|move|p2a: Ferrothorn|Gyro Ball|p1a: Excadrill
|-resisted|p1a: Excadrill
|-damage|p1a: Excadrill|0 fnt
|faint|p1a: Excadrill
|
|upkeep
|
|switch|p1a: Dragapult|Dragapult, F|100/100
|turn|25
|
|move|p1a: Dragapult|Shadow Ball|p2a: Ferrothorn
|-damage|p2a: Ferrothorn|0 fnt
|faint|p2a: Ferrothorn
|
|upkeep
|
|switch|p2a: Jellicent|Jellicent, M, shiny|100/100
|-damage|p2a: Jellicent|88/100|[from] Stealth Rock
|turn|26
|
|switch|p1a: Mandibuzz|Mandibuzz, F|54/100
|move|p2a: Jellicent|Will-O-Wisp|p1a: Mandibuzz
|-status|p1a: Mandibuzz|brn
|
|-damage|p1a: Mandibuzz|48/100 brn|[from] brn
|upkeep
|turn|27
|
|move|p1a: Mandibuzz|Roost|p1a: Mandibuzz
|-heal|p1a: Mandibuzz|98/100 brn
|-singleturn|p1a: Mandibuzz|move: Roost
|move|p2a: Jellicent|Brine|p1a: Mandibuzz
|-damage|p1a: Mandibuzz|81/100 brn
|
|-damage|p1a: Mandibuzz|75/100 brn|[from] brn
|upkeep
|turn|28
|
|move|p1a: Mandibuzz|Knock Off|p2a: Jellicent
|-supereffective|p2a: Jellicent
|-enditem|p2a: Jellicent|Colbur Berry|[eat]
|-enditem|p2a: Jellicent|Colbur Berry|[weaken]
|-damage|p2a: Jellicent|78/100
|move|p2a: Jellicent|Hex|p1a: Mandibuzz
|-resisted|p1a: Mandibuzz
|-damage|p1a: Mandibuzz|59/100 brn
|
|-damage|p1a: Mandibuzz|53/100 brn|[from] brn
|upkeep
|turn|29
|
|switch|p2a: Grimmsnarl|Grimmsnarl, M, shiny|14/100
|-damage|p2a: Grimmsnarl|2/100|[from] Stealth Rock
|move|p1a: Mandibuzz|Taunt|p2a: Grimmsnarl
|-start|p2a: Grimmsnarl|move: Taunt
|
|-damage|p1a: Mandibuzz|47/100 brn|[from] brn
|upkeep
|turn|30
|
|move|p2a: Grimmsnarl|Drain Punch|p1a: Mandibuzz
|-damage|p1a: Mandibuzz|31/100 brn
|-heal|p2a: Grimmsnarl|12/100|[from] drain|[of] p1a: Mandibuzz
|move|p1a: Mandibuzz|Roost|p1a: Mandibuzz
|-heal|p1a: Mandibuzz|81/100 brn
|-singleturn|p1a: Mandibuzz|move: Roost
|
|-damage|p1a: Mandibuzz|75/100 brn|[from] brn
|upkeep
|turn|31
|
|switch|p1a: Dragapult|Dragapult, F|100/100
|move|p2a: Grimmsnarl|Drain Punch|p1a: Dragapult
|-immune|p1a: Dragapult
|
|-end|p2a: Grimmsnarl|move: Taunt
|upkeep
|turn|32
|
|move|p1a: Dragapult|Shadow Ball|p2a: Grimmsnarl
|-resisted|p2a: Grimmsnarl
|-damage|p2a: Grimmsnarl|0 fnt
|faint|p2a: Grimmsnarl
|
|upkeep
|inactive|mariojmz011 has 120 seconds left.
|
|switch|p2a: Mimikyu|Mimikyu, F, shiny|100/100
|-damage|p2a: Mimikyu|88/100|[from] Stealth Rock
|turn|33
|
|switch|p1a: Mandibuzz|Mandibuzz, F|75/100 brn
|move|p2a: Mimikyu|Shadow Sneak|p1a: Mandibuzz
|-resisted|p1a: Mandibuzz
|-damage|p1a: Mandibuzz|69/100 brn
|-damage|p2a: Mimikyu|78/100|[from] item: Life Orb
|
|-damage|p1a: Mandibuzz|63/100 brn|[from] brn
|upkeep
|turn|34
|
|move|p2a: Mimikyu|Play Rough|p1a: Mandibuzz|[miss]
|-miss|p2a: Mimikyu|p1a: Mandibuzz
|move|p1a: Mandibuzz|Knock Off|p2a: Mimikyu
|-activate|p2a: Mimikyu|ability: Disguise
|-damage|p2a: Mimikyu|78/100
|-enditem|p2a: Mimikyu|Life Orb|[from] move: Knock Off|[of] p1a: Mandibuzz
|detailschange|p2a: Mimikyu|Mimikyu-Busted, F, shiny
|-damage|p2a: Mimikyu|66/100|[from] ability: Disguise|[of] p2a: Mimikyu
|
|-damage|p1a: Mandibuzz|57/100 brn|[from] brn
|upkeep
|turn|35
|
|move|p2a: Mimikyu|Play Rough|p1a: Mandibuzz
|-supereffective|p1a: Mandibuzz
|-damage|p1a: Mandibuzz|18/100 brn
|move|p1a: Mandibuzz|Roost|p1a: Mandibuzz
|-heal|p1a: Mandibuzz|68/100 brn
|-singleturn|p1a: Mandibuzz|move: Roost
|
|-damage|p1a: Mandibuzz|62/100 brn|[from] brn
|upkeep
|turn|36
|
|switch|p1a: Ferrothorn|Ferrothorn, F|96/100
|move|p2a: Mimikyu|Swords Dance|p2a: Mimikyu
|-boost|p2a: Mimikyu|atk|2
|
|-heal|p1a: Ferrothorn|100/100|[from] item: Leftovers
|upkeep
|turn|37
|
|move|p2a: Mimikyu|Swords Dance|p2a: Mimikyu
|-boost|p2a: Mimikyu|atk|2
|move|p1a: Ferrothorn|Leech Seed|p2a: Mimikyu
|-start|p2a: Mimikyu|move: Leech Seed
|
|-damage|p2a: Mimikyu|53/100|[from] Leech Seed|[of] p1a: Ferrothorn
|upkeep
|turn|38
|
|move|p1a: Ferrothorn|Protect|p1a: Ferrothorn
|-singleturn|p1a: Ferrothorn|Protect
|move|p2a: Mimikyu|Shadow Claw|p1a: Ferrothorn
|-activate|p1a: Ferrothorn|move: Protect
|
|-damage|p2a: Mimikyu|41/100|[from] Leech Seed|[of] p1a: Ferrothorn
|upkeep
|turn|39
|
|move|p2a: Mimikyu|Shadow Claw|p1a: Ferrothorn
|-crit|p1a: Ferrothorn
|-damage|p1a: Ferrothorn|0 fnt
|-damage|p2a: Mimikyu|29/100|[from] ability: Iron Barbs|[of] p1a: Ferrothorn
|faint|p1a: Ferrothorn
|
|upkeep
|
|switch|p1a: Mandibuzz|Mandibuzz, F|62/100 brn
|turn|40
|
|move|p2a: Mimikyu|Play Rough|p1a: Mandibuzz
|-supereffective|p1a: Mandibuzz
|-damage|p1a: Mandibuzz|0 fnt
|faint|p1a: Mandibuzz
|
|upkeep
|
|switch|p1a: Dragapult|Dragapult, F|100/100
|turn|41
|c|☆SteakSavoureux|for real .....
|c|☆mariojmz011|gg
|c|☆SteakSavoureux|DAMN IT
|c|☆SteakSavoureux|no no gg
|c|☆SteakSavoureux|you freakin crit
|c|☆mariojmz011|You really had me lol
|c|☆SteakSavoureux|I had the comeback
|inactive|SteakSavoureux has 120 seconds left.
|
|move|p2a: Mimikyu|Shadow Sneak|p1a: Dragapult
|-supereffective|p1a: Dragapult
|-damage|p1a: Dragapult|0 fnt
|faint|p1a: Dragapult
|
|win|mariojmz011
|c|☆SteakSavoureux|that's so anticlimatic
|raw|SteakSavoureux's rating: 1219 → 1194(-25 for losing)
|raw|mariojmz011's rating: 1221 → 1246(+25 for winning)
|c|☆SteakSavoureux|f the game
|c|☆SteakSavoureux|f the strat
|c|☆SteakSavoureux|f the haxx
|l|☆SteakSavoureux
