|ScrapeTime|2020-01-01-12:46:04
|j|☆soft boys
|j|☆vYBEzz?
|player|p1|soft boys|pokekid|1125
|player|p2|vYBEzz?|benga|1136
|teamsize|p1|6
|teamsize|p2|6
|gametype|singles
|gen|8
|tier|[Gen 8] OU
|rated|
|rule|Sleep Clause Mod: Limit one foe put to sleep
|rule|Species Clause: Limit one of each Pokémon
|rule|OHKO Clause: OHKO moves are banned
|rule|Evasion Moves Clause: Evasion moves are banned
|rule|Endless Battle Clause: Forcing endless battles is banned
|rule|HP Percentage Mod: HP is shown in percentages
|clearpoke
|poke|p1|Pincurchin, M|
|poke|p1|Snom, M|
|poke|p1|Pyukumuku, F|
|poke|p1|Corsola-Galar, F|
|poke|p1|Hitmontop, M|
|poke|p1|Slurpuff, F|
|poke|p2|Milotic, F|
|poke|p2|Aegislash, M|
|poke|p2|Conkeldurr, F|
|poke|p2|Corviknight, M|
|poke|p2|Rotom-Heat|
|poke|p2|Weezing-Galar, F|
|rule|Dynamax Clause: You cannot dynamax
|teampreview
|c|☆vYBEzz?|Nice teem
|
|start
|switch|p1a: Snom|Snom, M|100/100
|switch|p2a: Water|Milotic, F|100/100
|turn|1
|
|move|p2a: Water|Scald|p1a: Snom
|-damage|p1a: Snom|9/100
|move|p1a: Snom|Mirror Coat|p2a: Water
|-damage|p2a: Water|0 fnt
|faint|p2a: Water
|
|upkeep
|
|switch|p2a: No sweep|Aegislash, M, shiny|100/100
|turn|2
|
|switch|p1a: Corsola|Corsola-Galar, F|100/100
|move|p2a: No sweep|Swords Dance|p2a: No sweep
|-boost|p2a: No sweep|atk|2
|
|upkeep
|turn|3
|
|move|p2a: No sweep|Swords Dance|p2a: No sweep
|-boost|p2a: No sweep|atk|2
|move|p1a: Corsola|Will-O-Wisp|p2a: No sweep
|-status|p2a: No sweep|brn
|
|-damage|p2a: No sweep|94/100 brn|[from] brn
|upkeep
|turn|4
|
|move|p2a: No sweep|Swords Dance|p2a: No sweep
|-boost|p2a: No sweep|atk|2
|move|p1a: Corsola|Strength Sap|p2a: No sweep
|-unboost|p2a: No sweep|atk|1
|
|-damage|p2a: No sweep|88/100 brn|[from] brn
|upkeep
|turn|5
|
|switch|p1a: Pyukumuku|Pyukumuku, F|100/100
|-formechange|p2a: No sweep|Aegislash-Blade||[from] ability: Stance Change
|move|p2a: No sweep|Shadow Sneak|p1a: Pyukumuku
|-damage|p1a: Pyukumuku|93/100
|
|-heal|p1a: Pyukumuku|99/100|[from] item: Leftovers
|-damage|p2a: No sweep|82/100 brn|[from] brn
|upkeep
|turn|6
|
|move|p2a: No sweep|Sacred Sword|p1a: Pyukumuku
|-damage|p1a: Pyukumuku|86/100
|move|p1a: Pyukumuku|Soak|p2a: No sweep
|-start|p2a: No sweep|typechange|Water
|
|-heal|p1a: Pyukumuku|93/100|[from] item: Leftovers
|-damage|p2a: No sweep|76/100 brn|[from] brn
|upkeep
|turn|7
|-message|vYBEzz? forfeited.
|
|win|soft boys
|l|☆vYBEzz?
|raw|soft boys's rating: 1125 → 1151(+26 for winning)
|raw|vYBEzz?'s rating: 1136 → 1110(-26 for losing)
