|ScrapeTime|2020-01-01-22:30:59
|j|☆through the desert
|j|☆ZeroPops
|player|p1|through the desert|hilbert|1472
|player|p2|ZeroPops|flannery|1490
|teamsize|p1|6
|teamsize|p2|6
|gametype|singles
|gen|8
|tier|[Gen 8] OU
|rated|
|rule|Sleep Clause Mod: Limit one foe put to sleep
|rule|Species Clause: Limit one of each Pokémon
|rule|OHKO Clause: OHKO moves are banned
|rule|Evasion Moves Clause: Evasion moves are banned
|rule|Endless Battle Clause: Forcing endless battles is banned
|rule|HP Percentage Mod: HP is shown in percentages
|clearpoke
|poke|p1|Hatterene, F|
|poke|p1|Mandibuzz, F|
|poke|p1|Seismitoad, M|
|poke|p1|Aegislash, M|
|poke|p1|Rotom-Heat|
|poke|p1|Weavile, F|
|poke|p2|Clefable, M|
|poke|p2|Excadrill, F|
|poke|p2|Hydreigon, M|
|poke|p2|Corviknight, F|
|poke|p2|Rotom-Wash|
|poke|p2|Tyranitar, F|
|rule|Dynamax Clause: You cannot dynamax
|teampreview
|inactive|Battle timer is ON: inactive players will automatically lose when time's up. (requested by through the desert)
|
|start
|switch|p1a: Aegislash|Aegislash, M|100/100
|switch|p2a: Fake Love|Clefable, M|100/100
|turn|1
|l|☆through the desert
|inactive|through the desert disconnected and has a minute to reconnect!
|player|p1|
|j|☆through the desert
|inactive|through the desert reconnected and has 130 seconds left.
|player|p1|through the desert|hilbert
|
|switch|p2a: Get it Together|Rotom-Wash|100/100
|-formechange|p1a: Aegislash|Aegislash-Blade||[from] ability: Stance Change
|move|p1a: Aegislash|Iron Head|p2a: Get it Together
|-resisted|p2a: Get it Together
|-damage|p2a: Get it Together|87/100
|
|-heal|p2a: Get it Together|93/100|[from] item: Leftovers
|upkeep
|turn|2
|
|switch|p1a: Seismitoad|Seismitoad, M|100/100
|move|p2a: Get it Together|Will-O-Wisp|p1a: Seismitoad
|-status|p1a: Seismitoad|brn
|
|-heal|p2a: Get it Together|99/100|[from] item: Leftovers
|-damage|p1a: Seismitoad|94/100 brn|[from] brn
|upkeep
|turn|3
|
|switch|p2a: Fake Love|Clefable, M|100/100
|move|p1a: Seismitoad|Stealth Rock|p2a: Fake Love
|-sidestart|p2: ZeroPops|move: Stealth Rock
|
|-heal|p1a: Seismitoad|100/100 brn|[from] item: Leftovers
|-damage|p1a: Seismitoad|94/100 brn|[from] brn
|upkeep
|turn|4
|
|switch|p1a: Rotom|Rotom-Heat|100/100
|move|p2a: Fake Love|Stealth Rock|p1a: Rotom
|-sidestart|p1: through the desert|move: Stealth Rock
|
|upkeep
|turn|5
|
|switch|p2a: Hydreigon|Hydreigon, M|100/100
|-damage|p2a: Hydreigon|88/100|[from] Stealth Rock
|move|p1a: Rotom|Will-O-Wisp|p2a: Hydreigon
|-status|p2a: Hydreigon|brn
|
|-damage|p2a: Hydreigon|82/100 brn|[from] brn
|upkeep
|turn|6
|
|switch|p1a: Mandibuzz|Mandibuzz, F|100/100
|move|p2a: Hydreigon|Dark Pulse|p1a: Mandibuzz
|-resisted|p1a: Mandibuzz
|-damage|p1a: Mandibuzz|81/100
|
|-damage|p2a: Hydreigon|76/100 brn|[from] brn
|upkeep
|turn|7
|
|switch|p2a: God's Plan|Tyranitar, F|100/100
|-damage|p2a: God's Plan|88/100|[from] Stealth Rock
|-weather|Sandstorm|[from] ability: Sand Stream|[of] p2a: God's Plan
|move|p1a: Mandibuzz|Defog|p2a: God's Plan
|-unboost|p2a: God's Plan|evasion|1
|-sideend|p2: ZeroPops|Stealth Rock|[from] move: Defog|[of] p1a: Mandibuzz
|-sideend|p1: through the desert|Stealth Rock|[from] move: Defog|[of] p1a: Mandibuzz
|
|-weather|Sandstorm|[upkeep]
|upkeep
|turn|8
|
|switch|p1a: Aegislash|Aegislash, M|100/100
|move|p2a: God's Plan|Dragon Dance|p2a: God's Plan
|-boost|p2a: God's Plan|atk|1
|-boost|p2a: God's Plan|spe|1
|
|-weather|Sandstorm|[upkeep]
|upkeep
|turn|9
|
|switch|p1a: Mandibuzz|Mandibuzz, F|81/100
|move|p2a: God's Plan|Crunch|p1a: Mandibuzz
|-resisted|p1a: Mandibuzz
|-damage|p1a: Mandibuzz|60/100
|
|-weather|Sandstorm|[upkeep]
|upkeep
|turn|10
|
|switch|p1a: Seismitoad|Seismitoad, M|94/100 brn
|move|p2a: God's Plan|Stone Edge|p1a: Seismitoad
|-resisted|p1a: Seismitoad
|-damage|p1a: Seismitoad|67/100 brn
|
|-weather|Sandstorm|[upkeep]
|-heal|p1a: Seismitoad|73/100 brn|[from] item: Leftovers
|-damage|p1a: Seismitoad|67/100 brn|[from] brn
|upkeep
|turn|11
|
|move|p2a: God's Plan|Dragon Dance|p2a: God's Plan
|-boost|p2a: God's Plan|atk|1
|-boost|p2a: God's Plan|spe|1
|move|p1a: Seismitoad|Toxic|p2a: God's Plan
|-status|p2a: God's Plan|tox
|
|-weather|none
|-heal|p1a: Seismitoad|73/100 brn|[from] item: Leftovers
|-damage|p2a: God's Plan|82/100 tox|[from] psn
|-damage|p1a: Seismitoad|67/100 brn|[from] brn
|upkeep
|turn|12
|
|switch|p1a: Mandibuzz|Mandibuzz, F|60/100
|move|p2a: God's Plan|Crunch|p1a: Mandibuzz
|-resisted|p1a: Mandibuzz
|-damage|p1a: Mandibuzz|30/100
|
|-damage|p2a: God's Plan|70/100 tox|[from] psn
|upkeep
|turn|13
|
|move|p2a: God's Plan|Crunch|p1a: Mandibuzz
|-resisted|p1a: Mandibuzz
|-damage|p1a: Mandibuzz|0 fnt
|faint|p1a: Mandibuzz
|
|-damage|p2a: God's Plan|51/100 tox|[from] psn
|upkeep
|
|switch|p1a: Hatterene|Hatterene, F|100/100
|turn|14
|
|move|p2a: God's Plan|Crunch|p1a: Hatterene
|-damage|p1a: Hatterene|34/100
|move|p1a: Hatterene|Draining Kiss|p2a: God's Plan
|-supereffective|p2a: God's Plan
|-damage|p2a: God's Plan|12/100 tox
|-heal|p1a: Hatterene|69/100|[from] drain|[of] p2a: God's Plan
|-enditem|p2a: God's Plan|Weakness Policy
|-boost|p2a: God's Plan|atk|2
|-boost|p2a: God's Plan|spa|2
|
|-heal|p1a: Hatterene|75/100|[from] item: Leftovers
|-damage|p2a: God's Plan|0 fnt|[from] psn
|faint|p2a: God's Plan
|upkeep
|c|☆ZeroPops|wtf how fat is that shit?
|
|switch|p2a: Controlla|Excadrill, F|100/100
|turn|15
|
|switch|p2a: Get it Together|Rotom-Wash|99/100
|switch|p1a: Rotom|Rotom-Heat|100/100
|
|-heal|p2a: Get it Together|100/100|[from] item: Leftovers
|upkeep
|turn|16
|
|move|p1a: Rotom|Volt Switch|p2a: Get it Together
|-damage|p2a: Get it Together|75/100
|
|switch|p1a: Seismitoad|Seismitoad, M|67/100 brn|[from]move: Volt Switch
|move|p2a: Get it Together|Hydro Pump|p1a: Seismitoad
|-heal|p1a: Seismitoad|92/100 brn|[from] ability: Water Absorb|[of] p2a: Get it Together
|
|-heal|p2a: Get it Together|82/100|[from] item: Leftovers
|-heal|p1a: Seismitoad|98/100 brn|[from] item: Leftovers
|-damage|p1a: Seismitoad|92/100 brn|[from] brn
|upkeep
|turn|17
|
|switch|p2a: Fake Love|Clefable, M|100/100
|switch|p1a: Aegislash|Aegislash, M|100/100
|
|upkeep
|turn|18
|
|switch|p2a: Finesse|Corviknight, F|100/100
|-ability|p2a: Finesse|Pressure
|-formechange|p1a: Aegislash|Aegislash-Blade||[from] ability: Stance Change
|move|p1a: Aegislash|Close Combat|p2a: Finesse
|-crit|p2a: Finesse
|-damage|p2a: Finesse|26/100
|-unboost|p1a: Aegislash|def|1
|-unboost|p1a: Aegislash|spd|1
|
|-heal|p2a: Finesse|32/100|[from] item: Leftovers
|upkeep
|turn|19
|
|move|p1a: Aegislash|Close Combat|p2a: Finesse
|-crit|p2a: Finesse
|-damage|p2a: Finesse|0 fnt
|-unboost|p1a: Aegislash|def|1
|-unboost|p1a: Aegislash|spd|1
|faint|p2a: Finesse
|
|upkeep
|
|switch|p2a: Hydreigon|Hydreigon, M|76/100 brn
|turn|20
|
|switch|p1a: Weavile|Weavile, F|100/100
|-ability|p1a: Weavile|Pressure
|move|p2a: Hydreigon|Dark Pulse|p1a: Weavile
|-resisted|p1a: Weavile
|-damage|p1a: Weavile|61/100
|
|-damage|p2a: Hydreigon|70/100 brn|[from] brn
|upkeep
|turn|21
|
|switch|p2a: Get it Together|Rotom-Wash|82/100
|move|p1a: Weavile|Throat Chop|p2a: Get it Together
|-damage|p2a: Get it Together|36/100
|-start|p2a: Get it Together|Throat Chop|[silent]
|
|-heal|p2a: Get it Together|42/100|[from] item: Leftovers
|upkeep
|turn|22
|
|move|p1a: Weavile|Throat Chop|p2a: Get it Together
|-damage|p2a: Get it Together|0 fnt
|faint|p2a: Get it Together
|
|upkeep
|
|switch|p2a: Fake Love|Clefable, M|100/100
|turn|23
|
|switch|p1a: Aegislash|Aegislash, M|100/100
|move|p2a: Fake Love|Stealth Rock|p1a: Aegislash
|-sidestart|p1: through the desert|move: Stealth Rock
|
|upkeep
|turn|24
|
|switch|p2a: Controlla|Excadrill, F|100/100
|-formechange|p1a: Aegislash|Aegislash-Blade||[from] ability: Stance Change
|move|p1a: Aegislash|Iron Head|p2a: Controlla
|-resisted|p2a: Controlla
|-damage|p2a: Controlla|50/100
|
|upkeep
|turn|25
|
|switch|p1a: Rotom|Rotom-Heat|100/100
|-damage|p1a: Rotom|75/100|[from] Stealth Rock
|move|p2a: Controlla|Earthquake|p1a: Rotom
|-immune|p1a: Rotom|[from] ability: Levitate
|
|-heal|p1a: Rotom|82/100|[from] item: Leftovers
|upkeep
|turn|26
|
|switch|p2a: Hydreigon|Hydreigon, M|70/100 brn
|move|p1a: Rotom|Volt Switch|p2a: Hydreigon
|-resisted|p2a: Hydreigon
|-damage|p2a: Hydreigon|56/100 brn
|
|switch|p1a: Hatterene|Hatterene, F|75/100|[from]move: Volt Switch
|-damage|p1a: Hatterene|63/100|[from] Stealth Rock
|
|-heal|p1a: Hatterene|69/100|[from] item: Leftovers
|-damage|p2a: Hydreigon|50/100 brn|[from] brn
|upkeep
|turn|27
|
|move|p2a: Hydreigon|Dark Pulse|p1a: Hatterene
|-damage|p1a: Hatterene|6/100
|move|p1a: Hatterene|Draining Kiss|p2a: Hydreigon
|-supereffective|p2a: Hydreigon
|-damage|p2a: Hydreigon|0 fnt
|-heal|p1a: Hatterene|44/100|[from] drain|[of] p2a: Hydreigon
|faint|p2a: Hydreigon
|
|-heal|p1a: Hatterene|50/100|[from] item: Leftovers
|upkeep
|
|switch|p2a: Controlla|Excadrill, F|50/100
|turn|28
|
|move|p2a: Controlla|Earthquake|p1a: Hatterene
|-damage|p1a: Hatterene|0 fnt
|-damage|p2a: Controlla|40/100|[from] item: Life Orb
|faint|p1a: Hatterene
|
|upkeep
|
|switch|p1a: Weavile|Weavile, F|61/100
|-damage|p1a: Weavile|36/100|[from] Stealth Rock
|-ability|p1a: Weavile|Pressure
|turn|29
|
|move|p1a: Weavile|Icicle Crash|p2a: Controlla
|-damage|p2a: Controlla|0 fnt
|faint|p2a: Controlla
|
|upkeep
|
|switch|p2a: Fake Love|Clefable, M|100/100
|turn|30
|
|move|p1a: Weavile|Icicle Crash|p2a: Fake Love
|-damage|p2a: Fake Love|27/100
|move|p2a: Fake Love|Moonblast|p1a: Weavile
|-supereffective|p1a: Weavile
|-damage|p1a: Weavile|0 fnt
|faint|p1a: Weavile
|
|upkeep
|
|switch|p1a: Aegislash|Aegislash, M|100/100
|-damage|p1a: Aegislash|94/100|[from] Stealth Rock
|turn|31
|
|-formechange|p1a: Aegislash|Aegislash-Blade||[from] ability: Stance Change
|move|p1a: Aegislash|Iron Head|p2a: Fake Love
|-supereffective|p2a: Fake Love
|-damage|p2a: Fake Love|0 fnt
|faint|p2a: Fake Love
|
|win|through the desert
|l|☆ZeroPops
|raw|through the desert's rating: 1492 → 1512(+20 for winning)
|raw|ZeroPops's rating: 1491 → 1471(-20 for losing)
