|ScrapeTime|2020-01-02-03:26:31
|j|☆Lucky Lucas
|j|☆Eduardo72
|player|p1|Lucky Lucas|lucas|1457
|player|p2|Eduardo72|214|1397
|teamsize|p1|6
|teamsize|p2|6
|gametype|singles
|gen|8
|tier|[Gen 8] OU
|rated|
|rule|Sleep Clause Mod: Limit one foe put to sleep
|rule|Species Clause: Limit one of each Pokémon
|rule|OHKO Clause: OHKO moves are banned
|rule|Evasion Moves Clause: Evasion moves are banned
|rule|Endless Battle Clause: Forcing endless battles is banned
|rule|HP Percentage Mod: HP is shown in percentages
|clearpoke
|poke|p1|Gastrodon, F|
|poke|p1|Corviknight, M|
|poke|p1|Clefable, M|
|poke|p1|Rotom-Heat|
|poke|p1|Mimikyu, M|
|poke|p1|Dugtrio, F|
|poke|p2|Seismitoad, M|
|poke|p2|Conkeldurr, F|
|poke|p2|Hatterene, F|
|poke|p2|Dragapult, F|
|poke|p2|Corviknight, F|
|poke|p2|Dracovish|
|rule|Dynamax Clause: You cannot dynamax
|teampreview
|inactive|Battle timer is ON: inactive players will automatically lose when time's up. (requested by Eduardo72)
|
|start
|switch|p1a: Clefable|Clefable, M|100/100
|switch|p2a: Seismitoad|Seismitoad, M|100/100
|turn|1
|
|move|p1a: Clefable|Moonblast|p2a: Seismitoad
|-damage|p2a: Seismitoad|36/100
|move|p2a: Seismitoad|Earthquake|p1a: Clefable
|-damage|p1a: Clefable|57/100
|
|-heal|p2a: Seismitoad|43/100|[from] item: Leftovers
|upkeep
|turn|2
|
|switch|p2a: Corviknight|Corviknight, F|100/100
|-ability|p2a: Corviknight|Pressure
|move|p1a: Clefable|Moonlight|p1a: Clefable
|-heal|p1a: Clefable|100/100
|
|upkeep
|turn|3
|
|move|p1a: Clefable|Thunderbolt|p2a: Corviknight
|-supereffective|p2a: Corviknight
|-damage|p2a: Corviknight|30/100
|move|p2a: Corviknight|Brave Bird|p1a: Clefable
|-damage|p1a: Clefable|55/100
|-damage|p2a: Corviknight|18/100|[from] Recoil
|
|-heal|p2a: Corviknight|24/100|[from] item: Leftovers
|upkeep
|turn|4
|
|move|p1a: Clefable|Flamethrower|p2a: Corviknight
|-supereffective|p2a: Corviknight
|-damage|p2a: Corviknight|0 fnt
|faint|p2a: Corviknight
|
|upkeep
|
|switch|p2a: Dracovish|Dracovish|100/100
|turn|5
|
|switch|p1a: Gastrodon|Gastrodon, F|100/100
|move|p2a: Dracovish|Fishious Rend|p1a: Gastrodon
|-ability|p1a: Gastrodon|Storm Drain|boost
|-boost|p1a: Gastrodon|spa|1
|
|upkeep
|turn|6
|
|switch|p2a: Seismitoad|Seismitoad, M|43/100
|move|p1a: Gastrodon|Ice Beam|p2a: Seismitoad
|-damage|p2a: Seismitoad|13/100
|
|-heal|p2a: Seismitoad|19/100|[from] item: Leftovers
|upkeep
|turn|7
|
|move|p2a: Seismitoad|Stealth Rock|p1a: Gastrodon
|-sidestart|p1: Lucky Lucas|move: Stealth Rock
|move|p1a: Gastrodon|Ice Beam|p2a: Seismitoad
|-crit|p2a: Seismitoad
|-damage|p2a: Seismitoad|0 fnt
|faint|p2a: Seismitoad
|
|upkeep
|
|switch|p2a: Hatterene|Hatterene, F|100/100
|turn|8
|
|move|p1a: Gastrodon|Amnesia|p1a: Gastrodon
|-boost|p1a: Gastrodon|spd|2
|move|p2a: Hatterene|Giga Drain|p1a: Gastrodon
|-supereffective|p1a: Gastrodon
|-damage|p1a: Gastrodon|57/100
|
|-heal|p1a: Gastrodon|63/100|[from] item: Leftovers
|upkeep
|turn|9
|
|move|p1a: Gastrodon|Amnesia|p1a: Gastrodon
|-boost|p1a: Gastrodon|spd|2
|move|p2a: Hatterene|Giga Drain|p1a: Gastrodon
|-supereffective|p1a: Gastrodon
|-damage|p1a: Gastrodon|37/100
|
|-heal|p1a: Gastrodon|43/100|[from] item: Leftovers
|upkeep
|turn|10
|
|switch|p2a: Conkeldurr|Conkeldurr, F|100/100
|move|p1a: Gastrodon|Recover|p1a: Gastrodon
|-heal|p1a: Gastrodon|93/100
|
|-heal|p1a: Gastrodon|99/100|[from] item: Leftovers
|-status|p2a: Conkeldurr|brn|[from] item: Flame Orb
|upkeep
|turn|11
|
|move|p2a: Conkeldurr|Mach Punch|p1a: Gastrodon
|-damage|p1a: Gastrodon|62/100
|move|p1a: Gastrodon|Scald|p2a: Conkeldurr
|-damage|p2a: Conkeldurr|55/100 brn
|
|-heal|p1a: Gastrodon|68/100|[from] item: Leftovers
|-damage|p2a: Conkeldurr|49/100 brn|[from] brn
|upkeep
|turn|12
|
|move|p2a: Conkeldurr|Mach Punch|p1a: Gastrodon
|-crit|p1a: Gastrodon
|-damage|p1a: Gastrodon|10/100
|move|p1a: Gastrodon|Scald|p2a: Conkeldurr
|-damage|p2a: Conkeldurr|0 fnt
|faint|p2a: Conkeldurr
|
|-heal|p1a: Gastrodon|16/100|[from] item: Leftovers
|upkeep
|
|switch|p2a: Dragapult|Dragapult, F|100/100
|turn|13
|
|move|p2a: Dragapult|Hex|p1a: Gastrodon
|-damage|p1a: Gastrodon|7/100
|move|p1a: Gastrodon|Ice Beam|p2a: Dragapult
|-supereffective|p2a: Dragapult
|-damage|p2a: Dragapult|25/100
|
|-heal|p1a: Gastrodon|13/100|[from] item: Leftovers
|upkeep
|turn|14
|-message|Eduardo72 forfeited.
|
|win|Lucky Lucas
|l|☆Eduardo72
|raw|Lucky Lucas's rating: 1435 → 1452(+17 for winning)
|raw|Eduardo72's rating: 1397 → 1379(-18 for losing)
