|ScrapeTime|2020-01-03-01:46:50
|j|☆uyvghbjbubvyu
|j|☆XD1324
|player|p1|uyvghbjbubvyu|234|1070
|player|p2|XD1324|266|1118
|teamsize|p1|4
|teamsize|p2|6
|gametype|singles
|gen|8
|tier|[Gen 8] OU
|rated|
|rule|Sleep Clause Mod: Limit one foe put to sleep
|rule|Species Clause: Limit one of each Pokémon
|rule|OHKO Clause: OHKO moves are banned
|rule|Evasion Moves Clause: Evasion moves are banned
|rule|Endless Battle Clause: Forcing endless battles is banned
|rule|HP Percentage Mod: HP is shown in percentages
|clearpoke
|poke|p1|Sudowoodo, F|
|poke|p1|Dracovish|
|poke|p1|Corsola-Galar, M|
|poke|p1|Rotom-Heat|
|poke|p2|Lucario, M|
|poke|p2|Rotom-Wash|
|poke|p2|Hippowdon, M|
|poke|p2|Mimikyu, F|
|poke|p2|Hydreigon, F|
|poke|p2|Reuniclus, F|
|rule|Dynamax Clause: You cannot dynamax
|teampreview
|inactive|Battle timer is ON: inactive players will automatically lose when time's up. (requested by XD1324)
|
|start
|switch|p1a: Sudowoodo|Sudowoodo, F|100/100
|switch|p2a: Mimikyu|Mimikyu, F|100/100
|turn|1
|
|move|p2a: Mimikyu|Swords Dance|p2a: Mimikyu
|-boost|p2a: Mimikyu|atk|2
|move|p1a: Sudowoodo|Stealth Rock|p2a: Mimikyu
|-sidestart|p2: XD1324|move: Stealth Rock
|
|upkeep
|turn|2
|
|move|p2a: Mimikyu|Swords Dance|p2a: Mimikyu
|-boost|p2a: Mimikyu|atk|2
|move|p1a: Sudowoodo|Rock Polish|p1a: Sudowoodo
|-boost|p1a: Sudowoodo|spe|2
|
|upkeep
|turn|3
|
|move|p2a: Mimikyu|Swords Dance|p2a: Mimikyu
|-boost|p2a: Mimikyu|atk|2
|move|p1a: Sudowoodo|Wood Hammer|p2a: Mimikyu
|-activate|p2a: Mimikyu|ability: Disguise
|-damage|p2a: Mimikyu|100/100
|detailschange|p2a: Mimikyu|Mimikyu-Busted, F
|-damage|p2a: Mimikyu|88/100|[from] ability: Disguise|[of] p2a: Mimikyu
|-damage|p1a: Sudowoodo|91/100|[from] item: Life Orb
|
|upkeep
|turn|4
|
|move|p2a: Mimikyu|Shadow Claw|p1a: Sudowoodo
|-damage|p1a: Sudowoodo|0 fnt
|-damage|p2a: Mimikyu|78/100|[from] item: Life Orb
|faint|p1a: Sudowoodo
|
|upkeep
|
|switch|p1a: Rotom|Rotom-Heat|100/100
|turn|5
|
|move|p1a: Rotom|Hex|p2a: Mimikyu
|-supereffective|p2a: Mimikyu
|-damage|p2a: Mimikyu|18/100
|move|p2a: Mimikyu|Shadow Claw|p1a: Rotom
|-damage|p1a: Rotom|0 fnt
|-damage|p2a: Mimikyu|8/100|[from] item: Life Orb
|faint|p1a: Rotom
|
|upkeep
|
|switch|p1a: Dracovish|Dracovish|100/100
|turn|6
|
|move|p2a: Mimikyu|Shadow Claw|p1a: Dracovish
|-crit|p1a: Dracovish
|-damage|p1a: Dracovish|0 fnt
|-damage|p2a: Mimikyu|0 fnt|[from] item: Life Orb
|faint|p1a: Dracovish
|faint|p2a: Mimikyu
|
|upkeep
|
|switch|p2a: Hydreigon|Hydreigon, F|100/100
|switch|p1a: Corsola|Corsola-Galar, M|100/100
|-damage|p2a: Hydreigon|88/100|[from] Stealth Rock
|turn|7
|
|move|p2a: Hydreigon|Dark Pulse|p1a: Corsola
|-supereffective|p1a: Corsola
|-damage|p1a: Corsola|50/100
|-start|p2a: Hydreigon|Disable|Dark Pulse|[from] ability: Cursed Body|[of] p1a: Corsola
|move|p1a: Corsola|Calm Mind|p1a: Corsola
|-boost|p1a: Corsola|spa|1
|-boost|p1a: Corsola|spd|1
|
|upkeep
|turn|8
|
|switch|p2a: Rotom|Rotom-Wash, shiny|100/100
|-damage|p2a: Rotom|88/100|[from] Stealth Rock
|move|p1a: Corsola|Calm Mind|p1a: Corsola
|-boost|p1a: Corsola|spa|1
|-boost|p1a: Corsola|spd|1
|
|-heal|p2a: Rotom|94/100|[from] item: Leftovers
|upkeep
|turn|9
|
|move|p2a: Rotom|Will-O-Wisp|p1a: Corsola
|-status|p1a: Corsola|brn
|move|p1a: Corsola|Strength Sap|p2a: Rotom
|-unboost|p2a: Rotom|atk|1
|-heal|p1a: Corsola|88/100 brn
|
|-heal|p2a: Rotom|100/100|[from] item: Leftovers
|-damage|p1a: Corsola|82/100 brn|[from] brn
|upkeep
|turn|10
|
|move|p2a: Rotom|Hydro Pump|p1a: Corsola
|-damage|p1a: Corsola|70/100 brn
|-start|p2a: Rotom|Disable|Hydro Pump|[from] ability: Cursed Body|[of] p1a: Corsola
|move|p1a: Corsola|Scald|p2a: Rotom
|-resisted|p2a: Rotom
|-damage|p2a: Rotom|87/100
|
|-heal|p2a: Rotom|93/100|[from] item: Leftovers
|-damage|p1a: Corsola|63/100 brn|[from] brn
|upkeep
|turn|11
|
|move|p2a: Rotom|Thunder Wave||[still]
|-fail|p2a: Rotom
|move|p1a: Corsola|Scald|p2a: Rotom
|-resisted|p2a: Rotom
|-damage|p2a: Rotom|79/100
|-status|p2a: Rotom|brn
|
|-heal|p2a: Rotom|85/100 brn|[from] item: Leftovers
|-damage|p2a: Rotom|79/100 brn|[from] brn
|-damage|p1a: Corsola|57/100 brn|[from] brn
|upkeep
|turn|12
|
|move|p2a: Rotom|Will-O-Wisp|p1a: Corsola|[miss]
|-miss|p2a: Rotom|p1a: Corsola
|move|p1a: Corsola|Calm Mind|p1a: Corsola
|-boost|p1a: Corsola|spa|1
|-boost|p1a: Corsola|spd|1
|
|-heal|p2a: Rotom|85/100 brn|[from] item: Leftovers
|-damage|p2a: Rotom|79/100 brn|[from] brn
|-damage|p1a: Corsola|51/100 brn|[from] brn
|upkeep
|turn|13
|
|move|p2a: Rotom|Thunder Wave||[still]
|-fail|p2a: Rotom
|move|p1a: Corsola|Strength Sap|p2a: Rotom
|-unboost|p2a: Rotom|atk|1
|-heal|p1a: Corsola|76/100 brn
|
|-heal|p2a: Rotom|85/100 brn|[from] item: Leftovers
|-damage|p2a: Rotom|79/100 brn|[from] brn
|-damage|p1a: Corsola|70/100 brn|[from] brn
|-end|p2a: Rotom|Disable
|upkeep
|turn|14
|
|move|p2a: Rotom|Hydro Pump|p1a: Corsola
|-damage|p1a: Corsola|61/100 brn
|move|p1a: Corsola|Hex|p2a: Rotom
|-damage|p2a: Rotom|0 fnt
|faint|p2a: Rotom
|
|-damage|p1a: Corsola|55/100 brn|[from] brn
|upkeep
|
|switch|p2a: Hippowdon|Hippowdon, M|100/100
|-damage|p2a: Hippowdon|94/100|[from] Stealth Rock
|-weather|Sandstorm|[from] ability: Sand Stream|[of] p2a: Hippowdon
|turn|15
|c|☆uyvghbjbubvyu|fear meeee
|
|move|p2a: Hippowdon|Earthquake|p1a: Corsola
|-damage|p1a: Corsola|31/100 brn
|-start|p2a: Hippowdon|Disable|Earthquake|[from] ability: Cursed Body|[of] p1a: Corsola
|move|p1a: Corsola|Strength Sap|p2a: Hippowdon
|-unboost|p2a: Hippowdon|atk|1
|-heal|p1a: Corsola|100/100 brn
|
|-weather|Sandstorm|[upkeep]
|-damage|p1a: Corsola|94/100 brn|[from] Sandstorm
|-heal|p2a: Hippowdon|100/100|[from] item: Leftovers
|-damage|p1a: Corsola|88/100 brn|[from] brn
|upkeep
|turn|16
|
|switch|p2a: Lucario|Lucario, M, shiny|100/100
|-damage|p2a: Lucario|98/100|[from] Stealth Rock
|move|p1a: Corsola|Scald|p2a: Lucario
|-damage|p2a: Lucario|49/100
|
|-weather|Sandstorm|[upkeep]
|-damage|p1a: Corsola|82/100 brn|[from] Sandstorm
|-damage|p1a: Corsola|76/100 brn|[from] brn
|upkeep
|turn|17
|
|move|p2a: Lucario|Flash Cannon|p1a: Corsola
|-damage|p1a: Corsola|63/100 brn
|-start|p2a: Lucario|Disable|Flash Cannon|[from] ability: Cursed Body|[of] p1a: Corsola
|-damage|p2a: Lucario|39/100|[from] item: Life Orb
|move|p1a: Corsola|Strength Sap|p2a: Lucario
|-unboost|p2a: Lucario|atk|1
|-heal|p1a: Corsola|100/100 brn
|
|-weather|Sandstorm|[upkeep]
|-damage|p1a: Corsola|94/100 brn|[from] Sandstorm
|-damage|p1a: Corsola|88/100 brn|[from] brn
|upkeep
|turn|18
|inactive|XD1324 has 120 seconds left.
|
|move|p2a: Lucario|Vacuum Wave|p1a: Corsola
|-immune|p1a: Corsola
|move|p1a: Corsola|Scald|p2a: Lucario
|-damage|p2a: Lucario|0 fnt
|faint|p2a: Lucario
|
|-weather|Sandstorm|[upkeep]
|-damage|p1a: Corsola|82/100 brn|[from] Sandstorm
|-damage|p1a: Corsola|76/100 brn|[from] brn
|upkeep
|inactive|XD1324 has 120 seconds left.
|
|switch|p2a: Reuniclus|Reuniclus, F|100/100
|turn|19
|inactive|XD1324 has 120 seconds left.
|
|move|p1a: Corsola|Calm Mind|p1a: Corsola
|-boost|p1a: Corsola|spa|1
|-boost|p1a: Corsola|spd|1
|move|p2a: Reuniclus|Thunder|p1a: Corsola
|-damage|p1a: Corsola|65/100 brn
|
|-weather|none
|-damage|p1a: Corsola|59/100 brn|[from] brn
|upkeep
|turn|20
|
|move|p1a: Corsola|Strength Sap|p2a: Reuniclus
|-unboost|p2a: Reuniclus|atk|1
|-heal|p1a: Corsola|100/100 brn
|move|p2a: Reuniclus|Thunder|p1a: Corsola
|-damage|p1a: Corsola|90/100 brn
|
|-damage|p1a: Corsola|84/100 brn|[from] brn
|upkeep
|turn|21
|
|move|p1a: Corsola|Scald|p2a: Reuniclus
|-damage|p2a: Reuniclus|64/100
|-status|p2a: Reuniclus|brn
|move|p2a: Reuniclus|Psychic|p1a: Corsola
|-damage|p1a: Corsola|71/100 brn
|-start|p2a: Reuniclus|Disable|Psychic|[from] ability: Cursed Body|[of] p1a: Corsola
|
|-damage|p1a: Corsola|65/100 brn|[from] brn
|upkeep
|turn|22
|
|move|p1a: Corsola|Hex|p2a: Reuniclus
|-supereffective|p2a: Reuniclus
|-damage|p2a: Reuniclus|0 fnt
|faint|p2a: Reuniclus
|
|-damage|p1a: Corsola|59/100 brn|[from] brn
|upkeep
|
|switch|p2a: Hydreigon|Hydreigon, F|88/100
|-damage|p2a: Hydreigon|76/100|[from] Stealth Rock
|turn|23
|c|☆uyvghbjbubvyu|scared? have u just seen a ghost...coral?
|
|move|p2a: Hydreigon|Draco Meteor|p1a: Corsola|[miss]
|-miss|p2a: Hydreigon|p1a: Corsola
|move|p1a: Corsola|Strength Sap|p2a: Hydreigon
|-unboost|p2a: Hydreigon|atk|1
|-heal|p1a: Corsola|100/100 brn
|
|-damage|p1a: Corsola|94/100 brn|[from] brn
|upkeep
|turn|24
|
|move|p2a: Hydreigon|Draco Meteor|p1a: Corsola
|-damage|p1a: Corsola|81/100 brn
|-unboost|p2a: Hydreigon|spa|2
|move|p1a: Corsola|Scald|p2a: Hydreigon
|-resisted|p2a: Hydreigon
|-damage|p2a: Hydreigon|55/100
|
|-damage|p1a: Corsola|75/100 brn|[from] brn
|upkeep
|turn|25
|c|☆XD1324|-_-
|
|switch|p2a: Hippowdon|Hippowdon, M|100/100
|-damage|p2a: Hippowdon|94/100|[from] Stealth Rock
|-weather|Sandstorm|[from] ability: Sand Stream|[of] p2a: Hippowdon
|move|p1a: Corsola|Scald|p2a: Hippowdon
|-supereffective|p2a: Hippowdon
|-damage|p2a: Hippowdon|22/100
|
|-weather|Sandstorm|[upkeep]
|-damage|p1a: Corsola|69/100 brn|[from] Sandstorm
|-heal|p2a: Hippowdon|29/100|[from] item: Leftovers
|-damage|p1a: Corsola|63/100 brn|[from] brn
|upkeep
|turn|26
|c|☆uyvghbjbubvyu|ahhaha
|
|move|p2a: Hippowdon|Earthquake|p1a: Corsola
|-damage|p1a: Corsola|39/100 brn
|move|p1a: Corsola|Strength Sap|p2a: Hippowdon
|-unboost|p2a: Hippowdon|atk|1
|-heal|p1a: Corsola|100/100 brn
|
|-weather|Sandstorm|[upkeep]
|-damage|p1a: Corsola|94/100 brn|[from] Sandstorm
|-heal|p2a: Hippowdon|35/100|[from] item: Leftovers
|-damage|p1a: Corsola|88/100 brn|[from] brn
|upkeep
|turn|27
|c|☆uyvghbjbubvyu|scary aint it?
|c|☆XD1324|-_-
|inactive|XD1324 has 120 seconds left.
|c|☆uyvghbjbubvyu|u need a crit on draco meteor to win
|c|☆XD1324|-_-
|c|☆XD1324|-_-
|c|☆XD1324|-_-
|c|☆XD1324|Sooooooo
|c|☆uyvghbjbubvyu|:3
|c|☆XD1324|Gayyyyyyyyyyyyyyyyyyyyyyyyyyyyyyyy
|c|☆uyvghbjbubvyu|soo..?
|
|move|p2a: Hippowdon|Earthquake|p1a: Corsola
|-crit|p1a: Corsola
|-damage|p1a: Corsola|55/100 brn
|move|p1a: Corsola|Scald|p2a: Hippowdon
|-supereffective|p2a: Hippowdon
|-damage|p2a: Hippowdon|0 fnt
|faint|p2a: Hippowdon
|
|-weather|Sandstorm|[upkeep]
|-damage|p1a: Corsola|49/100 brn|[from] Sandstorm
|-damage|p1a: Corsola|42/100 brn|[from] brn
|upkeep
|c|☆uyvghbjbubvyu|dont be so harsh  on urself
|inactive|XD1324 has 90 seconds left.
|
|switch|p2a: Hydreigon|Hydreigon, F|55/100
|-damage|p2a: Hydreigon|43/100|[from] Stealth Rock
|turn|28
|
|move|p2a: Hydreigon|Dark Pulse|p1a: Corsola
|-supereffective|p1a: Corsola
|-damage|p1a: Corsola|26/100 brn
|move|p1a: Corsola|Strength Sap|p2a: Hydreigon
|-unboost|p2a: Hydreigon|atk|1
|-heal|p1a: Corsola|94/100 brn
|
|-weather|Sandstorm|[upkeep]
|-damage|p2a: Hydreigon|36/100|[from] Sandstorm
|-damage|p1a: Corsola|88/100 brn|[from] Sandstorm
|-damage|p1a: Corsola|82/100 brn|[from] brn
|upkeep
|turn|29
|
|move|p2a: Hydreigon|Dark Pulse|p1a: Corsola
|-supereffective|p1a: Corsola
|-damage|p1a: Corsola|64/100 brn
|-start|p2a: Hydreigon|Disable|Dark Pulse|[from] ability: Cursed Body|[of] p1a: Corsola
|move|p1a: Corsola|Scald|p2a: Hydreigon
|-resisted|p2a: Hydreigon
|-crit|p2a: Hydreigon
|-damage|p2a: Hydreigon|0 fnt
|faint|p2a: Hydreigon
|
|win|uyvghbjbubvyu
|c|☆uyvghbjbubvyu|sooooo...
|c|☆uyvghbjbubvyu|gg
|l|☆XD1324
|raw|uyvghbjbubvyu's rating: 1070 → 1103(+33 for winning)
|raw|XD1324's rating: 1118 → 1090(-28 for losing)
