|ScrapeTime|2020-01-01-09:35:04
|j|☆likemecheesywee
|j|☆gu3st567
|player|p1|likemecheesywee|170|1677
|player|p2|gu3st567|pokemonbreeder-gen4|1725
|teamsize|p1|6
|teamsize|p2|6
|gametype|singles
|gen|8
|tier|[Gen 8] OU
|rated|
|rule|Sleep Clause Mod: Limit one foe put to sleep
|rule|Species Clause: Limit one of each Pokémon
|rule|OHKO Clause: OHKO moves are banned
|rule|Evasion Moves Clause: Evasion moves are banned
|rule|Endless Battle Clause: Forcing endless battles is banned
|rule|HP Percentage Mod: HP is shown in percentages
|clearpoke
|poke|p1|Toxapex, M|
|poke|p1|Toxtricity, F|
|poke|p1|Hydreigon, F|
|poke|p1|Corviknight, M|
|poke|p1|Clefable, F|
|poke|p1|Conkeldurr, F|
|poke|p2|Lucario, F|
|poke|p2|Hippowdon, M|
|poke|p2|Rotom-Wash|
|poke|p2|Mimikyu, F|
|poke|p2|Hydreigon, F|
|poke|p2|Reuniclus, F|
|rule|Dynamax Clause: You cannot dynamax
|teampreview
|c|☆gu3st567|gl hf
|inactive|Battle timer is ON: inactive players will automatically lose when time's up. (requested by likemecheesywee)
|
|start
|switch|p1a: Conkeldurr|Conkeldurr, F|100/100
|switch|p2a: Hippowdon|Hippowdon, M|100/100
|-weather|Sandstorm|[from] ability: Sand Stream|[of] p2a: Hippowdon
|turn|1
|
|move|p1a: Conkeldurr|Earthquake|p2a: Hippowdon
|-damage|p2a: Hippowdon|77/100
|move|p2a: Hippowdon|Stealth Rock|p1a: Conkeldurr
|-sidestart|p1: likemecheesywee|move: Stealth Rock
|
|-weather|Sandstorm|[upkeep]
|-damage|p1a: Conkeldurr|95/100|[from] Sandstorm
|-heal|p2a: Hippowdon|83/100|[from] item: Leftovers
|-status|p1a: Conkeldurr|brn|[from] item: Flame Orb
|upkeep
|turn|2
|
|move|p1a: Conkeldurr|Facade|p2a: Hippowdon
|-damage|p2a: Hippowdon|38/100
|move|p2a: Hippowdon|Slack Off|p2a: Hippowdon
|-heal|p2a: Hippowdon|88/100
|
|-weather|Sandstorm|[upkeep]
|-damage|p1a: Conkeldurr|89/100 brn|[from] Sandstorm
|-heal|p2a: Hippowdon|94/100|[from] item: Leftovers
|-damage|p1a: Conkeldurr|83/100 brn|[from] brn
|upkeep
|turn|3
|
|switch|p1a: Corviknight|Corviknight, M|100/100
|-damage|p1a: Corviknight|88/100|[from] Stealth Rock
|-ability|p1a: Corviknight|Pressure
|move|p2a: Hippowdon|Earthquake|p1a: Corviknight
|-immune|p1a: Corviknight
|
|-weather|Sandstorm|[upkeep]
|-heal|p1a: Corviknight|94/100|[from] item: Leftovers
|-heal|p2a: Hippowdon|99/100|[from] item: Leftovers
|upkeep
|turn|4
|
|move|p1a: Corviknight|Defog|p2a: Hippowdon
|-unboost|p2a: Hippowdon|evasion|1
|-sideend|p1: likemecheesywee|Stealth Rock|[from] move: Defog|[of] p1a: Corviknight
|move|p2a: Hippowdon|Stealth Rock|p1a: Corviknight
|-sidestart|p1: likemecheesywee|move: Stealth Rock
|
|-weather|Sandstorm|[upkeep]
|-heal|p1a: Corviknight|100/100|[from] item: Leftovers
|-heal|p2a: Hippowdon|100/100|[from] item: Leftovers
|upkeep
|turn|5
|
|switch|p2a: Rotom|Rotom-Wash|100/100
|move|p1a: Corviknight|Defog|p2a: Rotom
|-unboost|p2a: Rotom|evasion|1
|-sideend|p1: likemecheesywee|Stealth Rock|[from] move: Defog|[of] p1a: Corviknight
|
|-weather|none
|upkeep
|turn|6
|
|switch|p1a: Hydreigon|Hydreigon, F|100/100
|move|p2a: Rotom|Will-O-Wisp|p1a: Hydreigon
|-status|p1a: Hydreigon|brn
|
|-damage|p1a: Hydreigon|94/100 brn|[from] brn
|upkeep
|turn|7
|inactive|gu3st567 has 120 seconds left.
|
|move|p1a: Hydreigon|Draco Meteor|p2a: Rotom
|-damage|p2a: Rotom|31/100
|-unboost|p1a: Hydreigon|spa|2
|move|p2a: Rotom|Volt Switch|p1a: Hydreigon
|-resisted|p1a: Hydreigon
|-damage|p1a: Hydreigon|79/100 brn
|inactive|gu3st567 has 120 seconds left.
|
|switch|p2a: Hippowdon|Hippowdon, M|100/100|[from]move: Volt Switch
|-weather|Sandstorm|[from] ability: Sand Stream|[of] p2a: Hippowdon
|
|-weather|Sandstorm|[upkeep]
|-damage|p1a: Hydreigon|73/100 brn|[from] Sandstorm
|-damage|p1a: Hydreigon|66/100 brn|[from] brn
|upkeep
|turn|8
|inactive|gu3st567 has 120 seconds left.
|
|switch|p1a: Corviknight|Corviknight, M|100/100
|-ability|p1a: Corviknight|Pressure
|move|p2a: Hippowdon|Stealth Rock|p1a: Corviknight
|-sidestart|p1: likemecheesywee|move: Stealth Rock
|
|-weather|Sandstorm|[upkeep]
|upkeep
|turn|9
|
|move|p1a: Corviknight|Defog|p2a: Hippowdon
|-unboost|p2a: Hippowdon|evasion|1
|-sideend|p1: likemecheesywee|Stealth Rock|[from] move: Defog|[of] p1a: Corviknight
|move|p2a: Hippowdon|Stealth Rock|p1a: Corviknight
|-sidestart|p1: likemecheesywee|move: Stealth Rock
|
|-weather|Sandstorm|[upkeep]
|upkeep
|turn|10
|
|switch|p2a: Rotom|Rotom-Wash|31/100
|move|p1a: Corviknight|Defog|p2a: Rotom
|-unboost|p2a: Rotom|evasion|1
|-sideend|p1: likemecheesywee|Stealth Rock|[from] move: Defog|[of] p1a: Corviknight
|
|-weather|Sandstorm|[upkeep]
|-damage|p2a: Rotom|25/100|[from] Sandstorm
|-heal|p2a: Rotom|31/100|[from] item: Leftovers
|upkeep
|turn|11
|
|switch|p1a: Clefable|Clefable, F|100/100
|move|p2a: Rotom|Volt Switch|p1a: Clefable
|-damage|p1a: Clefable|82/100
|
|switch|p2a: Lucario|Lucario, F|100/100|[from]move: Volt Switch
|
|-weather|none
|-heal|p1a: Clefable|88/100|[from] item: Leftovers
|upkeep
|turn|12
|
|switch|p2a: Reuniclus|Reuniclus, F|100/100
|switch|p1a: Toxapex|Toxapex, M|100/100
|
|upkeep
|turn|13
|
|switch|p1a: Corviknight|Corviknight, M|100/100
|-ability|p1a: Corviknight|Pressure
|move|p2a: Reuniclus|Psychic|p1a: Corviknight
|-resisted|p1a: Corviknight
|-damage|p1a: Corviknight|74/100
|
|-heal|p1a: Corviknight|80/100|[from] item: Leftovers
|upkeep
|turn|14
|
|move|p1a: Corviknight|U-turn|p2a: Reuniclus
|-supereffective|p2a: Reuniclus
|-damage|p2a: Reuniclus|69/100
|
|switch|p1a: Clefable|Clefable, F|88/100|[from]move: U-turn
|move|p2a: Reuniclus|Thunder|p1a: Clefable|[miss]
|-miss|p2a: Reuniclus|p1a: Clefable
|
|-heal|p1a: Clefable|94/100|[from] item: Leftovers
|upkeep
|turn|15
|
|move|p1a: Clefable|Stealth Rock|p2a: Reuniclus
|-sidestart|p2: gu3st567|move: Stealth Rock
|move|p2a: Reuniclus|Psychic|p1a: Clefable
|-damage|p1a: Clefable|50/100
|
|-heal|p1a: Clefable|57/100|[from] item: Leftovers
|upkeep
|turn|16
|
|move|p1a: Clefable|Wish|p1a: Clefable
|move|p2a: Reuniclus|Psychic|p1a: Clefable
|-damage|p1a: Clefable|13/100
|
|-heal|p1a: Clefable|19/100|[from] item: Leftovers
|upkeep
|turn|17
|
|move|p1a: Clefable|Protect|p1a: Clefable
|-singleturn|p1a: Clefable|Protect
|move|p2a: Reuniclus|Recover|p2a: Reuniclus
|-heal|p2a: Reuniclus|100/100
|
|-heal|p1a: Clefable|69/100|[from] move: Wish|[wisher] Clefable
|-heal|p1a: Clefable|75/100|[from] item: Leftovers
|upkeep
|turn|18
|
|switch|p2a: Hippowdon|Hippowdon, M|100/100
|-damage|p2a: Hippowdon|94/100|[from] Stealth Rock
|-weather|Sandstorm|[from] ability: Sand Stream|[of] p2a: Hippowdon
|move|p1a: Clefable|Wish|p1a: Clefable
|
|-weather|Sandstorm|[upkeep]
|-heal|p1a: Clefable|81/100|[from] item: Leftovers
|-heal|p2a: Hippowdon|100/100|[from] item: Leftovers
|upkeep
|turn|19
|
|switch|p1a: Hydreigon|Hydreigon, F|66/100 brn
|move|p2a: Hippowdon|Stealth Rock|p1a: Hydreigon
|-sidestart|p1: likemecheesywee|move: Stealth Rock
|
|-weather|Sandstorm|[upkeep]
|-damage|p1a: Hydreigon|60/100 brn|[from] Sandstorm
|-heal|p1a: Hydreigon|100/100 brn|[from] move: Wish|[wisher] Clefable
|-damage|p1a: Hydreigon|94/100 brn|[from] brn
|upkeep
|turn|20
|
|move|p1a: Hydreigon|U-turn|p2a: Hippowdon
|-damage|p2a: Hippowdon|96/100
|
|switch|p1a: Corviknight|Corviknight, M|80/100|[from]move: U-turn
|-damage|p1a: Corviknight|68/100|[from] Stealth Rock
|-ability|p1a: Corviknight|Pressure
|move|p2a: Hippowdon|Slack Off|p2a: Hippowdon
|-heal|p2a: Hippowdon|100/100
|
|-weather|Sandstorm|[upkeep]
|-heal|p1a: Corviknight|74/100|[from] item: Leftovers
|upkeep
|turn|21
|j| Helpinghans
|
|move|p1a: Corviknight|Defog|p2a: Hippowdon
|-unboost|p2a: Hippowdon|evasion|1
|-sideend|p2: gu3st567|Stealth Rock|[from] move: Defog|[of] p1a: Corviknight
|-sideend|p1: likemecheesywee|Stealth Rock|[from] move: Defog|[of] p1a: Corviknight
|move|p2a: Hippowdon|Roar|p1a: Corviknight
|drag|p1a: Conkeldurr|Conkeldurr, F|83/100 brn
|
|-weather|Sandstorm|[upkeep]
|-damage|p1a: Conkeldurr|77/100 brn|[from] Sandstorm
|-damage|p1a: Conkeldurr|71/100 brn|[from] brn
|upkeep
|turn|22
|j| watr sucks
|j| SacredCV
|
|switch|p1a: Corviknight|Corviknight, M|74/100
|-ability|p1a: Corviknight|Pressure
|move|p2a: Hippowdon|Stealth Rock|p1a: Corviknight
|-sidestart|p1: likemecheesywee|move: Stealth Rock
|
|-weather|none
|-heal|p1a: Corviknight|80/100|[from] item: Leftovers
|upkeep
|turn|23
|
|switch|p2a: Rotom|Rotom-Wash|31/100
|move|p1a: Corviknight|Defog|p2a: Rotom
|-unboost|p2a: Rotom|evasion|1
|-sideend|p1: likemecheesywee|Stealth Rock|[from] move: Defog|[of] p1a: Corviknight
|
|-heal|p1a: Corviknight|87/100|[from] item: Leftovers
|-heal|p2a: Rotom|38/100|[from] item: Leftovers
|upkeep
|turn|24
|j| zmnxcbv
|
|switch|p1a: Clefable|Clefable, F|81/100
|move|p2a: Rotom|Volt Switch|p1a: Clefable
|-damage|p1a: Clefable|65/100
|
|switch|p2a: Mimikyu|Mimikyu, F|100/100|[from]move: Volt Switch
|
|-heal|p1a: Clefable|71/100|[from] item: Leftovers
|upkeep
|turn|25
|
|switch|p1a: Toxapex|Toxapex, M|100/100
|move|p2a: Mimikyu|Play Rough|p1a: Toxapex
|-resisted|p1a: Toxapex
|-damage|p1a: Toxapex|85/100
|-damage|p2a: Mimikyu|91/100|[from] item: Life Orb
|
|-heal|p1a: Toxapex|91/100|[from] item: Black Sludge
|upkeep
|turn|26
|
|switch|p2a: Reuniclus|Reuniclus, F|100/100
|move|p1a: Toxapex|Scald|p2a: Reuniclus
|-damage|p2a: Reuniclus|86/100
|
|-heal|p1a: Toxapex|98/100|[from] item: Black Sludge
|upkeep
|turn|27
|
|switch|p1a: Corviknight|Corviknight, M|87/100
|-ability|p1a: Corviknight|Pressure
|move|p2a: Reuniclus|Focus Blast|p1a: Corviknight
|-damage|p1a: Corviknight|40/100
|
|-heal|p1a: Corviknight|46/100|[from] item: Leftovers
|upkeep
|turn|28
|inactive|gu3st567 has 120 seconds left.
|
|move|p1a: Corviknight|Roost|p1a: Corviknight
|-heal|p1a: Corviknight|96/100
|-singleturn|p1a: Corviknight|move: Roost
|move|p2a: Reuniclus|Psychic|p1a: Corviknight
|-resisted|p1a: Corviknight
|-damage|p1a: Corviknight|68/100
|
|-heal|p1a: Corviknight|74/100|[from] item: Leftovers
|upkeep
|turn|29
|inactive|gu3st567 has 120 seconds left.
|
|switch|p2a: Hippowdon|Hippowdon, M|100/100
|-weather|Sandstorm|[from] ability: Sand Stream|[of] p2a: Hippowdon
|move|p1a: Corviknight|U-turn|p2a: Hippowdon
|-damage|p2a: Hippowdon|93/100
|
|switch|p1a: Clefable|Clefable, F|71/100|[from]move: U-turn
|
|-weather|Sandstorm|[upkeep]
|-heal|p1a: Clefable|77/100|[from] item: Leftovers
|-heal|p2a: Hippowdon|99/100|[from] item: Leftovers
|upkeep
|turn|30
|
|switch|p1a: Corviknight|Corviknight, M|74/100
|-ability|p1a: Corviknight|Pressure
|move|p2a: Hippowdon|Stealth Rock|p1a: Corviknight
|-sidestart|p1: likemecheesywee|move: Stealth Rock
|
|-weather|Sandstorm|[upkeep]
|-heal|p1a: Corviknight|80/100|[from] item: Leftovers
|-heal|p2a: Hippowdon|100/100|[from] item: Leftovers
|upkeep
|turn|31
|j| PokeDa
|
|move|p1a: Corviknight|Defog|p2a: Hippowdon
|-unboost|p2a: Hippowdon|evasion|1
|-sideend|p1: likemecheesywee|Stealth Rock|[from] move: Defog|[of] p1a: Corviknight
|move|p2a: Hippowdon|Stealth Rock|p1a: Corviknight
|-sidestart|p1: likemecheesywee|move: Stealth Rock
|
|-weather|Sandstorm|[upkeep]
|-heal|p1a: Corviknight|87/100|[from] item: Leftovers
|upkeep
|turn|32
|inactive|gu3st567 has 120 seconds left.
|
|switch|p2a: Lucario|Lucario, F|100/100
|move|p1a: Corviknight|Defog|p2a: Lucario
|-unboost|p2a: Lucario|evasion|1
|-sideend|p1: likemecheesywee|Stealth Rock|[from] move: Defog|[of] p1a: Corviknight
|
|-weather|Sandstorm|[upkeep]
|-heal|p1a: Corviknight|93/100|[from] item: Leftovers
|upkeep
|turn|33
|inactive|gu3st567 has 120 seconds left.
|
|switch|p1a: Toxapex|Toxapex, M|100/100
|move|p2a: Lucario|Aura Sphere|p1a: Toxapex
|-resisted|p1a: Toxapex
|-damage|p1a: Toxapex|80/100
|-damage|p2a: Lucario|91/100|[from] item: Life Orb
|
|-weather|none
|-heal|p1a: Toxapex|87/100|[from] item: Black Sludge
|upkeep
|turn|34
|inactive|gu3st567 has 120 seconds left.
|j| AgentJojo
|
|switch|p2a: Reuniclus|Reuniclus, F|86/100
|move|p1a: Toxapex|Scald|p2a: Reuniclus
|-damage|p2a: Reuniclus|69/100
|-status|p2a: Reuniclus|brn
|
|-heal|p1a: Toxapex|93/100|[from] item: Black Sludge
|upkeep
|turn|35
|inactive|gu3st567 has 120 seconds left.
|
|switch|p1a: Clefable|Clefable, F|77/100
|move|p2a: Reuniclus|Recover|p2a: Reuniclus
|-heal|p2a: Reuniclus|100/100 brn
|
|-heal|p1a: Clefable|83/100|[from] item: Leftovers
|upkeep
|turn|36
|inactive|gu3st567 has 120 seconds left.
|
|switch|p2a: Hippowdon|Hippowdon, M|100/100
|-weather|Sandstorm|[from] ability: Sand Stream|[of] p2a: Hippowdon
|move|p1a: Clefable|Wish|p1a: Clefable
|
|-weather|Sandstorm|[upkeep]
|-heal|p1a: Clefable|89/100|[from] item: Leftovers
|upkeep
|turn|37
|inactive|gu3st567 has 120 seconds left.
|
|switch|p1a: Corviknight|Corviknight, M|93/100
|-ability|p1a: Corviknight|Pressure
|move|p2a: Hippowdon|Roar|p1a: Corviknight
|drag|p1a: Toxapex|Toxapex, M|100/100
|
|-weather|Sandstorm|[upkeep]
|-damage|p1a: Toxapex|94/100|[from] Sandstorm
|-heal|p1a: Toxapex|100/100|[from] move: Wish|[wisher] Clefable
|upkeep
|turn|38
|inactive|gu3st567 has 120 seconds left.
|
|switch|p2a: Reuniclus|Reuniclus, F|100/100 brn
|switch|p1a: Corviknight|Corviknight, M|93/100
|-ability|p1a: Corviknight|Pressure
|
|-weather|Sandstorm|[upkeep]
|-heal|p1a: Corviknight|99/100|[from] item: Leftovers
|upkeep
|turn|39
|inactive|gu3st567 has 120 seconds left.
|
|move|p1a: Corviknight|U-turn|p2a: Reuniclus
|-supereffective|p2a: Reuniclus
|-damage|p2a: Reuniclus|69/100 brn
|
|switch|p1a: Clefable|Clefable, F|89/100|[from]move: U-turn
|move|p2a: Reuniclus|Thunder|p1a: Clefable
|-damage|p1a: Clefable|57/100
|
|-weather|Sandstorm|[upkeep]
|-heal|p1a: Clefable|63/100|[from] item: Leftovers
|upkeep
|turn|40
|
|move|p1a: Clefable|Wish|p1a: Clefable
|move|p2a: Reuniclus|Psychic|p1a: Clefable
|-damage|p1a: Clefable|17/100
|
|-weather|none
|-heal|p1a: Clefable|23/100|[from] item: Leftovers
|upkeep
|turn|41
|
|switch|p2a: Hippowdon|Hippowdon, M|100/100
|-weather|Sandstorm|[from] ability: Sand Stream|[of] p2a: Hippowdon
|move|p1a: Clefable|Protect||[still]
|-fail|p1a: Clefable
|
|-weather|Sandstorm|[upkeep]
|-heal|p1a: Clefable|73/100|[from] move: Wish|[wisher] Clefable
|-heal|p1a: Clefable|79/100|[from] item: Leftovers
|upkeep
|turn|42
|
|switch|p1a: Corviknight|Corviknight, M|99/100
|-ability|p1a: Corviknight|Pressure
|move|p2a: Hippowdon|Stealth Rock|p1a: Corviknight
|-sidestart|p1: likemecheesywee|move: Stealth Rock
|
|-weather|Sandstorm|[upkeep]
|-heal|p1a: Corviknight|100/100|[from] item: Leftovers
|upkeep
|turn|43
|
|switch|p2a: Rotom|Rotom-Wash|38/100
|move|p1a: Corviknight|Defog|p2a: Rotom
|-unboost|p2a: Rotom|evasion|1
|-sideend|p1: likemecheesywee|Stealth Rock|[from] move: Defog|[of] p1a: Corviknight
|
|-weather|Sandstorm|[upkeep]
|-damage|p2a: Rotom|31/100|[from] Sandstorm
|-heal|p2a: Rotom|38/100|[from] item: Leftovers
|upkeep
|turn|44
|j| LusterLati
|l| LusterLati
|
|switch|p1a: Clefable|Clefable, F|79/100
|move|p2a: Rotom|Thunder Wave|p1a: Clefable
|-status|p1a: Clefable|par
|
|-weather|Sandstorm|[upkeep]
|-damage|p2a: Rotom|31/100|[from] Sandstorm
|-heal|p2a: Rotom|38/100|[from] item: Leftovers
|-heal|p1a: Clefable|85/100 par|[from] item: Leftovers
|upkeep
|turn|45
|
|move|p2a: Rotom|Volt Switch|p1a: Clefable
|-damage|p1a: Clefable|67/100 par
|
|switch|p2a: Hippowdon|Hippowdon, M|100/100|[from]move: Volt Switch
|move|p1a: Clefable|Stealth Rock|p2a: Hippowdon
|-sidestart|p2: gu3st567|move: Stealth Rock
|
|-weather|none
|-heal|p1a: Clefable|73/100 par|[from] item: Leftovers
|upkeep
|turn|46
|
|switch|p1a: Corviknight|Corviknight, M|100/100
|-ability|p1a: Corviknight|Pressure
|move|p2a: Hippowdon|Stealth Rock|p1a: Corviknight
|-sidestart|p1: likemecheesywee|move: Stealth Rock
|
|upkeep
|turn|47
|l| zmnxcbv
|l| PokeDa
|
|switch|p2a: Reuniclus|Reuniclus, F|69/100 brn
|move|p1a: Corviknight|Defog|p2a: Reuniclus
|-unboost|p2a: Reuniclus|evasion|1
|-sideend|p2: gu3st567|Stealth Rock|[from] move: Defog|[of] p1a: Corviknight
|-sideend|p1: likemecheesywee|Stealth Rock|[from] move: Defog|[of] p1a: Corviknight
|
|upkeep
|turn|48
|c|☆likemecheesywee|why u take so long to click 1 move
|
|move|p1a: Corviknight|U-turn|p2a: Reuniclus
|-supereffective|p2a: Reuniclus
|-damage|p2a: Reuniclus|42/100 brn
|
|switch|p1a: Clefable|Clefable, F|73/100 par|[from]move: U-turn
|move|p2a: Reuniclus|Recover|p2a: Reuniclus
|-heal|p2a: Reuniclus|92/100 brn
|
|-heal|p1a: Clefable|79/100 par|[from] item: Leftovers
|upkeep
|turn|49
|
|switch|p1a: Hydreigon|Hydreigon, F|94/100 brn
|move|p2a: Reuniclus|Psychic|p1a: Hydreigon
|-immune|p1a: Hydreigon
|
|-damage|p1a: Hydreigon|88/100 brn|[from] brn
|upkeep
|turn|50
|
|switch|p2a: Hippowdon|Hippowdon, M|100/100
|-weather|Sandstorm|[from] ability: Sand Stream|[of] p2a: Hippowdon
|move|p1a: Hydreigon|U-turn|p2a: Hippowdon
|-damage|p2a: Hippowdon|96/100
|
|switch|p1a: Clefable|Clefable, F|79/100 par|[from]move: U-turn
|
|-weather|Sandstorm|[upkeep]
|-heal|p2a: Hippowdon|100/100|[from] item: Leftovers
|-heal|p1a: Clefable|86/100 par|[from] item: Leftovers
|upkeep
|turn|51
|
|switch|p1a: Corviknight|Corviknight, M|100/100
|-ability|p1a: Corviknight|Pressure
|move|p2a: Hippowdon|Stealth Rock|p1a: Corviknight
|-sidestart|p1: likemecheesywee|move: Stealth Rock
|
|-weather|Sandstorm|[upkeep]
|upkeep
|turn|52
|j| GlumVGC
|
|switch|p2a: Rotom|Rotom-Wash|38/100
|move|p1a: Corviknight|Defog|p2a: Rotom
|-unboost|p2a: Rotom|evasion|1
|-sideend|p1: likemecheesywee|Stealth Rock|[from] move: Defog|[of] p1a: Corviknight
|
|-weather|Sandstorm|[upkeep]
|-damage|p2a: Rotom|31/100|[from] Sandstorm
|-heal|p2a: Rotom|38/100|[from] item: Leftovers
|upkeep
|turn|53
|
|switch|p1a: Clefable|Clefable, F|86/100 par
|move|p2a: Rotom|Volt Switch|p1a: Clefable
|-damage|p1a: Clefable|68/100 par
|
|switch|p2a: Hippowdon|Hippowdon, M|100/100|[from]move: Volt Switch
|
|-weather|Sandstorm|[upkeep]
|-heal|p1a: Clefable|74/100 par|[from] item: Leftovers
|upkeep
|turn|54
|
|switch|p1a: Corviknight|Corviknight, M|100/100
|-ability|p1a: Corviknight|Pressure
|move|p2a: Hippowdon|Roar|p1a: Corviknight
|drag|p1a: Toxapex|Toxapex, M|100/100
|
|-weather|none
|upkeep
|turn|55
|
|switch|p2a: Reuniclus|Reuniclus, F|92/100 brn
|switch|p1a: Corviknight|Corviknight, M|100/100
|-ability|p1a: Corviknight|Pressure
|
|upkeep
|turn|56
|j| my wife
|
|switch|p2a: Hippowdon|Hippowdon, M|100/100
|-weather|Sandstorm|[from] ability: Sand Stream|[of] p2a: Hippowdon
|move|p1a: Corviknight|Iron Head|p2a: Hippowdon
|-damage|p2a: Hippowdon|85/100
|
|-weather|Sandstorm|[upkeep]
|-heal|p2a: Hippowdon|92/100|[from] item: Leftovers
|upkeep
|turn|57
|j| Idiotchamp
|
|move|p1a: Corviknight|Iron Head|p2a: Hippowdon
|-damage|p2a: Hippowdon|79/100
|move|p2a: Hippowdon|Roar|p1a: Corviknight
|drag|p1a: Clefable|Clefable, F|74/100 par
|
|-weather|Sandstorm|[upkeep]
|-heal|p2a: Hippowdon|85/100|[from] item: Leftovers
|-heal|p1a: Clefable|80/100 par|[from] item: Leftovers
|upkeep
|turn|58
|j| zzs is my goddess
|
|switch|p1a: Corviknight|Corviknight, M|100/100
|-ability|p1a: Corviknight|Pressure
|move|p2a: Hippowdon|Earthquake|p1a: Corviknight
|-immune|p1a: Corviknight
|
|-weather|Sandstorm|[upkeep]
|-heal|p2a: Hippowdon|91/100|[from] item: Leftovers
|upkeep
|turn|59
|
|switch|p1a: Toxapex|Toxapex, M|100/100
|move|p2a: Hippowdon|Roar|p1a: Toxapex
|drag|p1a: Toxtricity|Toxtricity, F|100/100
|
|-weather|Sandstorm|[upkeep]
|-damage|p1a: Toxtricity|94/100|[from] Sandstorm
|-heal|p2a: Hippowdon|97/100|[from] item: Leftovers
|upkeep
|turn|60
|
|switch|p1a: Corviknight|Corviknight, M|100/100
|-ability|p1a: Corviknight|Pressure
|move|p2a: Hippowdon|Stealth Rock|p1a: Corviknight
|-sidestart|p1: likemecheesywee|move: Stealth Rock
|
|-weather|none
|-heal|p2a: Hippowdon|100/100|[from] item: Leftovers
|upkeep
|turn|61
|
|switch|p2a: Rotom|Rotom-Wash|38/100
|move|p1a: Corviknight|Defog|p2a: Rotom
|-unboost|p2a: Rotom|evasion|1
|-sideend|p1: likemecheesywee|Stealth Rock|[from] move: Defog|[of] p1a: Corviknight
|
|-heal|p2a: Rotom|44/100|[from] item: Leftovers
|upkeep
|turn|62
|
|switch|p1a: Clefable|Clefable, F|80/100 par
|move|p2a: Rotom|Volt Switch|p1a: Clefable
|-damage|p1a: Clefable|64/100 par
|inactive|gu3st567 has 120 seconds left.
|
|switch|p2a: Lucario|Lucario, F|91/100|[from]move: Volt Switch
|
|-heal|p1a: Clefable|70/100 par|[from] item: Leftovers
|upkeep
|turn|63
|inactive|gu3st567 has 120 seconds left.
|inactive|likemecheesywee has 120 seconds left.
|
|switch|p1a: Toxapex|Toxapex, M|100/100
|move|p2a: Lucario|Flash Cannon|p1a: Toxapex
|-resisted|p1a: Toxapex
|-damage|p1a: Toxapex|81/100
|-damage|p2a: Lucario|81/100|[from] item: Life Orb
|
|-heal|p1a: Toxapex|88/100|[from] item: Black Sludge
|upkeep
|turn|64
|
|switch|p2a: Reuniclus|Reuniclus, F|92/100 brn
|move|p1a: Toxapex|Scald|p2a: Reuniclus
|-damage|p2a: Reuniclus|75/100 brn
|
|-heal|p1a: Toxapex|94/100|[from] item: Black Sludge
|upkeep
|turn|65
|
|switch|p1a: Corviknight|Corviknight, M|100/100
|-ability|p1a: Corviknight|Pressure
|move|p2a: Reuniclus|Thunder|p1a: Corviknight
|-supereffective|p1a: Corviknight
|-damage|p1a: Corviknight|12/100
|
|-heal|p1a: Corviknight|18/100|[from] item: Leftovers
|upkeep
|turn|66
|
|move|p1a: Corviknight|U-turn|p2a: Reuniclus
|-supereffective|p2a: Reuniclus
|-damage|p2a: Reuniclus|48/100 brn
|
|switch|p1a: Clefable|Clefable, F|70/100 par|[from]move: U-turn
|move|p2a: Reuniclus|Focus Blast|p1a: Clefable
|-resisted|p1a: Clefable
|-damage|p1a: Clefable|52/100 par
|
|-heal|p1a: Clefable|58/100 par|[from] item: Leftovers
|upkeep
|turn|67
|
|move|p1a: Clefable|Wish|p1a: Clefable
|move|p2a: Reuniclus|Recover|p2a: Reuniclus
|-heal|p2a: Reuniclus|98/100 brn
|
|-heal|p1a: Clefable|64/100 par|[from] item: Leftovers
|upkeep
|turn|68
|
|move|p1a: Clefable|Stealth Rock|p2a: Reuniclus
|-sidestart|p2: gu3st567|move: Stealth Rock
|move|p2a: Reuniclus|Psychic|p1a: Clefable
|-damage|p1a: Clefable|22/100 par
|
|-heal|p1a: Clefable|72/100 par|[from] move: Wish|[wisher] Clefable
|-heal|p1a: Clefable|78/100 par|[from] item: Leftovers
|upkeep
|turn|69
|
|move|p1a: Clefable|Wish|p1a: Clefable
|move|p2a: Reuniclus|Thunder|p1a: Clefable
|-damage|p1a: Clefable|40/100 par
|
|-heal|p1a: Clefable|46/100 par|[from] item: Leftovers
|upkeep
|turn|70
|
|switch|p2a: Hippowdon|Hippowdon, M|100/100
|-damage|p2a: Hippowdon|94/100|[from] Stealth Rock
|-weather|Sandstorm|[from] ability: Sand Stream|[of] p2a: Hippowdon
|cant|p1a: Clefable|par
|
|-weather|Sandstorm|[upkeep]
|-heal|p1a: Clefable|96/100 par|[from] move: Wish|[wisher] Clefable
|-heal|p2a: Hippowdon|100/100|[from] item: Leftovers
|-heal|p1a: Clefable|100/100 par|[from] item: Leftovers
|upkeep
|turn|71
|
|switch|p1a: Corviknight|Corviknight, M|18/100
|-ability|p1a: Corviknight|Pressure
|move|p2a: Hippowdon|Stealth Rock|p1a: Corviknight
|-sidestart|p1: likemecheesywee|move: Stealth Rock
|
|-weather|Sandstorm|[upkeep]
|-heal|p1a: Corviknight|24/100|[from] item: Leftovers
|upkeep
|turn|72
|l| Helpinghans
|
|switch|p2a: Rotom|Rotom-Wash|44/100
|-damage|p2a: Rotom|31/100|[from] Stealth Rock
|move|p1a: Corviknight|Roost|p1a: Corviknight
|-heal|p1a: Corviknight|74/100
|-singleturn|p1a: Corviknight|move: Roost
|
|-weather|Sandstorm|[upkeep]
|-damage|p2a: Rotom|25/100|[from] Sandstorm
|-heal|p1a: Corviknight|81/100|[from] item: Leftovers
|-heal|p2a: Rotom|31/100|[from] item: Leftovers
|upkeep
|turn|73
|
|switch|p1a: Clefable|Clefable, F|100/100 par
|move|p2a: Rotom|Volt Switch|p1a: Clefable
|-damage|p1a: Clefable|82/100 par
|inactive|gu3st567 has 120 seconds left.
|
|switch|p2a: Hydreigon|Hydreigon, F|100/100|[from]move: Volt Switch
|-damage|p2a: Hydreigon|88/100|[from] Stealth Rock
|
|-weather|Sandstorm|[upkeep]
|-damage|p2a: Hydreigon|82/100|[from] Sandstorm
|-heal|p1a: Clefable|88/100 par|[from] item: Leftovers
|upkeep
|turn|74
|
|move|p2a: Hydreigon|U-turn|p1a: Clefable
|-resisted|p1a: Clefable
|-damage|p1a: Clefable|80/100 par
|
|switch|p2a: Hippowdon|Hippowdon, M|100/100|[from]move: U-turn
|-damage|p2a: Hippowdon|94/100|[from] Stealth Rock
|move|p1a: Clefable|Moonblast|p2a: Hippowdon
|-damage|p2a: Hippowdon|63/100
|
|-weather|none
|-heal|p2a: Hippowdon|70/100|[from] item: Leftovers
|-heal|p1a: Clefable|86/100 par|[from] item: Leftovers
|upkeep
|turn|75
|
|cant|p1a: Clefable|par
|move|p2a: Hippowdon|Roar|p1a: Clefable
|drag|p1a: Toxtricity|Toxtricity, F|94/100
|-damage|p1a: Toxtricity|82/100|[from] Stealth Rock
|
|-heal|p2a: Hippowdon|76/100|[from] item: Leftovers
|upkeep
|turn|76
|
|switch|p1a: Corviknight|Corviknight, M|81/100
|-damage|p1a: Corviknight|68/100|[from] Stealth Rock
|-ability|p1a: Corviknight|Pressure
|move|p2a: Hippowdon|Roar|p1a: Corviknight
|drag|p1a: Toxapex|Toxapex, M|100/100
|-damage|p1a: Toxapex|88/100|[from] Stealth Rock
|
|-heal|p2a: Hippowdon|82/100|[from] item: Leftovers
|-heal|p1a: Toxapex|94/100|[from] item: Black Sludge
|upkeep
|turn|77
|
|switch|p2a: Reuniclus|Reuniclus, F|98/100 brn
|switch|p1a: Corviknight|Corviknight, M|68/100
|-damage|p1a: Corviknight|56/100|[from] Stealth Rock
|-ability|p1a: Corviknight|Pressure
|
|-heal|p1a: Corviknight|62/100|[from] item: Leftovers
|upkeep
|turn|78
|
|move|p1a: Corviknight|Roost|p1a: Corviknight
|-heal|p1a: Corviknight|100/100
|-singleturn|p1a: Corviknight|move: Roost
|move|p2a: Reuniclus|Focus Blast|p1a: Corviknight
|-supereffective|p1a: Corviknight
|-damage|p1a: Corviknight|0 fnt
|faint|p1a: Corviknight
|
|upkeep
|-message|likemecheesywee forfeited.
|
|win|gu3st567
|l|☆likemecheesywee
|raw|likemecheesywee's rating: 1677 → 1660(-17 for losing)
|raw|gu3st567's rating: 1725 → 1743(+18 for winning)
|l| SacredCV
