|ScrapeTime|2020-01-02-13:38:43
|j|☆gabros2002
|j|☆PetitPied
|player|p1|gabros2002|colress|1928
|player|p2|PetitPied|infielder|1744
|teamsize|p1|6
|teamsize|p2|6
|gametype|singles
|gen|8
|tier|[Gen 8] OU
|rated|
|rule|Sleep Clause Mod: Limit one foe put to sleep
|rule|Species Clause: Limit one of each Pokémon
|rule|OHKO Clause: OHKO moves are banned
|rule|Evasion Moves Clause: Evasion moves are banned
|rule|Endless Battle Clause: Forcing endless battles is banned
|rule|HP Percentage Mod: HP is shown in percentages
|clearpoke
|poke|p1|Shuckle, M|
|poke|p1|Dragapult, M|
|poke|p1|Cloyster, M|
|poke|p1|Kommo-o, M|
|poke|p1|Mimikyu, M|
|poke|p1|Obstagoon, M|
|poke|p2|Obstagoon, F|
|poke|p2|Kommo-o, F|
|poke|p2|Sylveon, F|
|poke|p2|Dragapult, F|
|poke|p2|Coalossal, M|
|poke|p2|Ferrothorn, F|
|rule|Dynamax Clause: You cannot dynamax
|teampreview
|j| Fermat
|inactive|Battle timer is ON: inactive players will automatically lose when time's up. (requested by PetitPied)
|inactive|gabros2002 also wants the timer to be on.
|j| ukldranzer
|c| Fermat|GO GABROS
|
|start
|switch|p1a: Shuckle|Shuckle, M|100/100
|switch|p2a: Obstagoon|Obstagoon, F|100/100
|turn|1
|
|move|p2a: Obstagoon|Bulk Up|p2a: Obstagoon
|-boost|p2a: Obstagoon|atk|1
|-boost|p2a: Obstagoon|def|1
|move|p1a: Shuckle|Sticky Web|p2a: Obstagoon
|-sidestart|p2: PetitPied|move: Sticky Web
|
|-status|p2a: Obstagoon|brn|[from] item: Flame Orb
|upkeep
|turn|2
|
|move|p2a: Obstagoon|Knock Off|p1a: Shuckle
|-damage|p1a: Shuckle|49/100
|-damage|p2a: Obstagoon|84/100 brn|[from] item: Rocky Helmet|[of] p1a: Shuckle
|-enditem|p1a: Shuckle|Rocky Helmet|[from] move: Knock Off|[of] p2a: Obstagoon
|move|p1a: Shuckle|Encore|p2a: Obstagoon
|-start|p2a: Obstagoon|Encore
|
|-damage|p2a: Obstagoon|78/100 brn|[from] brn
|upkeep
|turn|3
|
|move|p2a: Obstagoon|Knock Off|p1a: Shuckle
|-damage|p1a: Shuckle|16/100
|move|p1a: Shuckle|Stealth Rock|p2a: Obstagoon
|-sidestart|p2: PetitPied|move: Stealth Rock
|
|-damage|p2a: Obstagoon|72/100 brn|[from] brn
|upkeep
|turn|4
|
|move|p2a: Obstagoon|Knock Off|p1a: Shuckle
|-damage|p1a: Shuckle|0 fnt
|faint|p1a: Shuckle
|
|-damage|p2a: Obstagoon|66/100 brn|[from] brn
|upkeep
|
|switch|p1a: Mimikyu|Mimikyu, M|100/100
|turn|5
|
|switch|p2a: Ferrothorn|Ferrothorn, F|100/100
|-activate|p2a: Ferrothorn|move: Sticky Web
|-unboost|p2a: Ferrothorn|spe|1
|-damage|p2a: Ferrothorn|94/100|[from] Stealth Rock
|move|p1a: Mimikyu|Play Rough|p2a: Ferrothorn
|-resisted|p2a: Ferrothorn
|-damage|p2a: Ferrothorn|79/100
|-damage|p1a: Mimikyu|88/100|[from] ability: Iron Barbs|[of] p2a: Ferrothorn
|-damage|p1a: Mimikyu|78/100|[from] item: Life Orb
|
|-heal|p2a: Ferrothorn|85/100|[from] item: Leftovers
|upkeep
|turn|6
|
|switch|p1a: Obstagoon|Obstagoon, M|100/100
|move|p2a: Ferrothorn|Spikes|p1a: Obstagoon
|-sidestart|p1: gabros2002|Spikes
|
|-heal|p2a: Ferrothorn|91/100|[from] item: Leftovers
|-status|p1a: Obstagoon|brn|[from] item: Flame Orb
|upkeep
|turn|7
|
|move|p2a: Ferrothorn|Protect|p2a: Ferrothorn
|-singleturn|p2a: Ferrothorn|Protect
|move|p1a: Obstagoon|Taunt|p2a: Ferrothorn
|-activate|p2a: Ferrothorn|move: Protect
|
|-heal|p2a: Ferrothorn|97/100|[from] item: Leftovers
|-damage|p1a: Obstagoon|94/100 brn|[from] brn
|upkeep
|turn|8
|
|move|p1a: Obstagoon|Knock Off|p2a: Ferrothorn
|-damage|p2a: Ferrothorn|61/100
|-damage|p1a: Obstagoon|82/100 brn|[from] ability: Iron Barbs|[of] p2a: Ferrothorn
|-enditem|p2a: Ferrothorn|Leftovers|[from] move: Knock Off|[of] p1a: Obstagoon
|move|p2a: Ferrothorn|Leech Seed|p1a: Obstagoon
|-start|p1a: Obstagoon|move: Leech Seed
|
|-damage|p1a: Obstagoon|70/100 brn|[from] Leech Seed|[of] p2a: Ferrothorn
|-heal|p2a: Ferrothorn|73/100|[silent]
|-damage|p1a: Obstagoon|64/100 brn|[from] brn
|upkeep
|turn|9
|j| Mengy ䷣
|
|move|p1a: Obstagoon|Taunt|p2a: Ferrothorn
|-start|p2a: Ferrothorn|move: Taunt
|cant|p2a: Ferrothorn|move: Taunt|Leech Seed
|
|-damage|p1a: Obstagoon|52/100 brn|[from] Leech Seed|[of] p2a: Ferrothorn
|-heal|p2a: Ferrothorn|84/100|[silent]
|-damage|p1a: Obstagoon|45/100 brn|[from] brn
|upkeep
|turn|10
|inactive|gabros2002 has 120 seconds left.
|
|switch|p2a: Coalossal|Coalossal, M|100/100
|move|p1a: Obstagoon|Fire Punch|p2a: Coalossal
|-resisted|p2a: Coalossal
|-damage|p2a: Coalossal|96/100
|
|-damage|p1a: Obstagoon|33/100 brn|[from] Leech Seed|[of] p2a: Coalossal
|-heal|p2a: Coalossal|100/100|[silent]
|-damage|p1a: Obstagoon|27/100 brn|[from] brn
|upkeep
|turn|11
|inactive|gabros2002 has 120 seconds left.
|
|switch|p1a: Mimikyu|Mimikyu, M|78/100
|-damage|p1a: Mimikyu|66/100|[from] Spikes
|move|p2a: Coalossal|Rapid Spin|p1a: Mimikyu
|-immune|p1a: Mimikyu
|
|upkeep
|turn|12
|inactive|gabros2002 has 120 seconds left.
|
|move|p1a: Mimikyu|Swords Dance|p1a: Mimikyu
|-boost|p1a: Mimikyu|atk|2
|move|p2a: Coalossal|Will-O-Wisp|p1a: Mimikyu
|-status|p1a: Mimikyu|brn
|
|-damage|p1a: Mimikyu|60/100 brn|[from] brn
|upkeep
|turn|13
|inactive|gabros2002 has 120 seconds left.
|
|switch|p2a: Ferrothorn|Ferrothorn, F|84/100
|-damage|p2a: Ferrothorn|78/100|[from] Stealth Rock
|-activate|p2a: Ferrothorn|move: Sticky Web
|-unboost|p2a: Ferrothorn|spe|1
|move|p1a: Mimikyu|Shadow Claw|p2a: Ferrothorn
|-damage|p2a: Ferrothorn|56/100
|-damage|p1a: Mimikyu|48/100 brn|[from] ability: Iron Barbs|[of] p2a: Ferrothorn
|-damage|p1a: Mimikyu|38/100 brn|[from] item: Life Orb
|
|-damage|p1a: Mimikyu|32/100 brn|[from] brn
|upkeep
|turn|14
|inactive|gabros2002 has 120 seconds left.
|
|move|p1a: Mimikyu|Shadow Claw|p2a: Ferrothorn
|-damage|p2a: Ferrothorn|33/100
|-damage|p1a: Mimikyu|19/100 brn|[from] ability: Iron Barbs|[of] p2a: Ferrothorn
|-damage|p1a: Mimikyu|9/100 brn|[from] item: Life Orb
|move|p2a: Ferrothorn|Leech Seed|p1a: Mimikyu
|-start|p1a: Mimikyu|move: Leech Seed
|
|-damage|p1a: Mimikyu|0 fnt|[from] Leech Seed|[of] p2a: Ferrothorn
|-heal|p2a: Ferrothorn|39/100|[silent]
|faint|p1a: Mimikyu
|upkeep
|inactive|gabros2002 has 120 seconds left.
|
|switch|p1a: Kommo-o|Kommo-o, M|100/100
|-damage|p1a: Kommo-o|88/100|[from] Spikes
|turn|15
|inactive|gabros2002 has 120 seconds left.
|
|move|p1a: Kommo-o|Dragon Dance|p1a: Kommo-o
|-boost|p1a: Kommo-o|atk|1
|-boost|p1a: Kommo-o|spe|1
|move|p2a: Ferrothorn|Leech Seed|p1a: Kommo-o
|-start|p1a: Kommo-o|move: Leech Seed
|
|-damage|p1a: Kommo-o|76/100|[from] Leech Seed|[of] p2a: Ferrothorn
|-heal|p2a: Ferrothorn|49/100|[silent]
|upkeep
|turn|16
|inactive|gabros2002 has 120 seconds left.
|
|switch|p1a: Obstagoon|Obstagoon, M|27/100 brn
|-damage|p1a: Obstagoon|15/100 brn|[from] Spikes
|switch|p2a: Dragapult|Dragapult, F|100/100
|-activate|p2a: Dragapult|move: Sticky Web
|-unboost|p2a: Dragapult|spe|1
|-damage|p2a: Dragapult|88/100|[from] Stealth Rock
|
|-damage|p1a: Obstagoon|9/100 brn|[from] brn
|upkeep
|turn|17
|inactive|gabros2002 has 120 seconds left.
|j| Kurenay
|
|switch|p2a: Kommo-o|Kommo-o, F|100/100
|-activate|p2a: Kommo-o|move: Sticky Web
|-unboost|p2a: Kommo-o|spe|1
|-damage|p2a: Kommo-o|94/100|[from] Stealth Rock
|move|p1a: Obstagoon|Knock Off|p2a: Kommo-o
|-resisted|p2a: Kommo-o
|-damage|p2a: Kommo-o|65/100
|-enditem|p2a: Kommo-o|Life Orb|[from] move: Knock Off|[of] p1a: Obstagoon
|
|-damage|p1a: Obstagoon|3/100 brn|[from] brn
|upkeep
|turn|18
|inactive|gabros2002 has 120 seconds left.
|
|move|p1a: Obstagoon|Knock Off|p2a: Kommo-o
|-resisted|p2a: Kommo-o
|-damage|p2a: Kommo-o|46/100
|move|p2a: Kommo-o|Dragon Dance|p2a: Kommo-o
|-boost|p2a: Kommo-o|atk|1
|-boost|p2a: Kommo-o|spe|1
|
|-damage|p1a: Obstagoon|0 fnt|[from] brn
|faint|p1a: Obstagoon
|upkeep
|
|switch|p1a: Dragapult|Dragapult, M|100/100
|-damage|p1a: Dragapult|88/100|[from] Spikes
|turn|19
|
|move|p1a: Dragapult|Dragon Darts|p2a: Kommo-o
|-supereffective|p2a: Kommo-o
|-crit|p2a: Kommo-o
|-damage|p2a: Kommo-o|0 fnt
|-hitcount|p2a: Kommo-o|1
|-damage|p1a: Dragapult|78/100|[from] item: Life Orb
|faint|p2a: Kommo-o
|
|upkeep
|
|switch|p2a: Sylveon|Sylveon, F|100/100
|-damage|p2a: Sylveon|88/100|[from] Stealth Rock
|-activate|p2a: Sylveon|move: Sticky Web
|-unboost|p2a: Sylveon|spe|1
|turn|20
|
|move|p1a: Dragapult|Phantom Force||[still]
|-prepare|p1a: Dragapult|Phantom Force|p2a: Sylveon
|move|p2a: Sylveon|Hyper Voice|p1a: Dragapult|[miss]
|-miss|p2a: Sylveon|p1a: Dragapult
|
|-heal|p2a: Sylveon|94/100|[from] item: Leftovers
|upkeep
|turn|21
|
|move|p1a: Dragapult|Phantom Force|p2a: Sylveon|[from]lockedmove
|-damage|p2a: Sylveon|12/100
|-damage|p1a: Dragapult|69/100|[from] item: Life Orb
|move|p2a: Sylveon|Wish|p2a: Sylveon
|
|-heal|p2a: Sylveon|18/100|[from] item: Leftovers
|upkeep
|turn|22
|
|move|p2a: Sylveon|Protect|p2a: Sylveon
|-singleturn|p2a: Sylveon|Protect
|move|p1a: Dragapult|Dragon Darts|p2a: Sylveon
|-activate|p2a: Sylveon|move: Protect
|
|-heal|p2a: Sylveon|68/100|[from] move: Wish|[wisher] Sylveon
|-heal|p2a: Sylveon|74/100|[from] item: Leftovers
|upkeep
|turn|23
|j| egfowigh
|inactive|gabros2002 has 90 seconds left.
|
|move|p1a: Dragapult|Phantom Force||[still]
|-prepare|p1a: Dragapult|Phantom Force|p2a: Sylveon
|move|p2a: Sylveon|Wish|p2a: Sylveon
|
|-heal|p2a: Sylveon|80/100|[from] item: Leftovers
|upkeep
|turn|24
|
|switch|p2a: Obstagoon|Obstagoon, F|66/100 brn
|-damage|p2a: Obstagoon|53/100 brn|[from] Stealth Rock
|-activate|p2a: Obstagoon|move: Sticky Web
|-unboost|p2a: Obstagoon|spe|1
|move|p1a: Dragapult|Phantom Force|p2a: Obstagoon|[from]lockedmove
|-immune|p2a: Obstagoon
|
|-heal|p2a: Obstagoon|100/100 brn|[from] move: Wish|[wisher] Sylveon
|-damage|p2a: Obstagoon|94/100 brn|[from] brn
|upkeep
|turn|25
|inactive|gabros2002 has 90 seconds left.
|
|move|p1a: Dragapult|Dragon Darts|p2a: Obstagoon
|-damage|p2a: Obstagoon|60/100 brn
|-damage|p2a: Obstagoon|25/100 brn
|-hitcount|p2a: Obstagoon|2
|-damage|p1a: Dragapult|59/100|[from] item: Life Orb
|move|p2a: Obstagoon|Knock Off|p1a: Dragapult
|-supereffective|p1a: Dragapult
|-damage|p1a: Dragapult|0 fnt
|-enditem|p1a: Dragapult|Life Orb|[from] move: Knock Off|[of] p2a: Obstagoon
|faint|p1a: Dragapult
|
|-damage|p2a: Obstagoon|19/100 brn|[from] brn
|upkeep
|l| Kurenay
|
|switch|p1a: Cloyster|Cloyster, M|100/100
|-damage|p1a: Cloyster|88/100|[from] Spikes
|turn|26
|
|move|p1a: Cloyster|Icicle Spear|p2a: Obstagoon
|-damage|p2a: Obstagoon|7/100 brn
|-damage|p2a: Obstagoon|0 fnt
|-hitcount|p2a: Obstagoon|2
|faint|p2a: Obstagoon
|
|upkeep
|
|switch|p2a: Coalossal|Coalossal, M|100/100
|turn|27
|inactive|gabros2002 has 60 seconds left.
|
|move|p1a: Cloyster|Rock Blast|p2a: Coalossal
|-supereffective|p2a: Coalossal
|-damage|p2a: Coalossal|92/100
|-supereffective|p2a: Coalossal
|-damage|p2a: Coalossal|84/100
|-supereffective|p2a: Coalossal
|-damage|p2a: Coalossal|76/100
|-supereffective|p2a: Coalossal
|-damage|p2a: Coalossal|68/100
|-supereffective|p2a: Coalossal
|-damage|p2a: Coalossal|59/100
|-hitcount|p2a: Coalossal|5
|cant|p2a: Coalossal|flinch
|
|upkeep
|turn|28
|inactive|gabros2002 has 60 seconds left.
|
|move|p1a: Cloyster|Rock Blast|p2a: Coalossal
|-supereffective|p2a: Coalossal
|-damage|p2a: Coalossal|51/100
|-supereffective|p2a: Coalossal
|-damage|p2a: Coalossal|43/100
|-supereffective|p2a: Coalossal
|-damage|p2a: Coalossal|35/100
|-supereffective|p2a: Coalossal
|-damage|p2a: Coalossal|27/100
|-supereffective|p2a: Coalossal
|-damage|p2a: Coalossal|19/100
|-hitcount|p2a: Coalossal|5
|cant|p2a: Coalossal|flinch
|
|upkeep
|turn|29
|inactive|gabros2002 has 60 seconds left.
|c|☆PetitPied|thats prob gg
|inactive|gabros2002 has 30 seconds left.
|inactive|gabros2002 has 20 seconds left.
|inactive|gabros2002 has 15 seconds left.
|
|move|p1a: Cloyster|Rock Blast|p2a: Coalossal
|-supereffective|p2a: Coalossal
|-damage|p2a: Coalossal|10/100
|-supereffective|p2a: Coalossal
|-damage|p2a: Coalossal|2/100
|-supereffective|p2a: Coalossal
|-damage|p2a: Coalossal|0 fnt
|-hitcount|p2a: Coalossal|3
|faint|p2a: Coalossal
|
|upkeep
|inactive|gabros2002 has 20 seconds left this turn.
|
|switch|p2a: Ferrothorn|Ferrothorn, F|49/100
|-damage|p2a: Ferrothorn|43/100|[from] Stealth Rock
|-activate|p2a: Ferrothorn|move: Sticky Web
|-unboost|p2a: Ferrothorn|spe|1
|turn|30
|inactive|gabros2002 has 30 seconds left this turn.
|inactive|gabros2002 has 20 seconds left.
|inactive|gabros2002 has 15 seconds left.
|
|move|p1a: Cloyster|Shell Smash|p1a: Cloyster
|-unboost|p1a: Cloyster|def|1
|-unboost|p1a: Cloyster|spd|1
|-boost|p1a: Cloyster|atk|2
|-boost|p1a: Cloyster|spa|2
|-boost|p1a: Cloyster|spe|2
|move|p2a: Ferrothorn|Leech Seed|p1a: Cloyster
|-start|p1a: Cloyster|move: Leech Seed
|
|-damage|p1a: Cloyster|76/100|[from] Leech Seed|[of] p2a: Ferrothorn
|-heal|p2a: Ferrothorn|51/100|[silent]
|upkeep
|turn|31
|inactive|gabros2002 has 25 seconds left this turn.
|inactive|gabros2002 has 20 seconds left.
|inactive|gabros2002 has 15 seconds left.
|
|move|p2a: Ferrothorn|Protect|p2a: Ferrothorn
|-singleturn|p2a: Ferrothorn|Protect
|move|p1a: Cloyster|Icicle Spear|p2a: Ferrothorn
|-activate|p2a: Ferrothorn|move: Protect
|
|-damage|p1a: Cloyster|63/100|[from] Leech Seed|[of] p2a: Ferrothorn
|-heal|p2a: Ferrothorn|60/100|[silent]
|upkeep
|turn|32
|inactive|gabros2002 has 25 seconds left this turn.
|
|move|p1a: Cloyster|Icicle Spear|p2a: Ferrothorn
|-damage|p2a: Ferrothorn|47/100
|-damage|p2a: Ferrothorn|32/100
|-damage|p2a: Ferrothorn|19/100
|-damage|p2a: Ferrothorn|6/100
|-damage|p2a: Ferrothorn|0 fnt
|-hitcount|p2a: Ferrothorn|5
|faint|p2a: Ferrothorn
|
|upkeep
|inactive|gabros2002 has 30 seconds left this turn.
|
|switch|p2a: Dragapult|Dragapult, F|88/100
|-activate|p2a: Dragapult|move: Sticky Web
|-unboost|p2a: Dragapult|spe|1
|-damage|p2a: Dragapult|76/100|[from] Stealth Rock
|turn|33
|inactive|gabros2002 has 30 seconds left.
|inactive|gabros2002 has 20 seconds left.
|
|move|p2a: Dragapult|Sucker Punch|p1a: Cloyster
|-damage|p1a: Cloyster|16/100
|move|p1a: Cloyster|Icicle Spear|p2a: Dragapult
|-supereffective|p2a: Dragapult
|-damage|p2a: Dragapult|15/100
|-supereffective|p2a: Dragapult
|-damage|p2a: Dragapult|0 fnt
|-hitcount|p2a: Dragapult|2
|faint|p2a: Dragapult
|
|upkeep
|inactive|gabros2002 has 25 seconds left this turn.
|
|switch|p2a: Sylveon|Sylveon, F|80/100
|-activate|p2a: Sylveon|move: Sticky Web
|-unboost|p2a: Sylveon|spe|1
|-damage|p2a: Sylveon|68/100|[from] Stealth Rock
|turn|34
|inactive|gabros2002 has 30 seconds left.
|
|move|p2a: Sylveon|Protect|p2a: Sylveon
|-singleturn|p2a: Sylveon|Protect
|move|p1a: Cloyster|Icicle Spear|p2a: Sylveon
|-activate|p2a: Sylveon|move: Protect
|
|-heal|p2a: Sylveon|74/100|[from] item: Leftovers
|-damage|p1a: Cloyster|4/100|[from] Leech Seed|[of] p2a: Sylveon
|-heal|p2a: Sylveon|81/100|[silent]
|upkeep
|turn|35
|
|move|p2a: Sylveon|Protect|p2a: Sylveon
|-singleturn|p2a: Sylveon|Protect
|move|p1a: Cloyster|Icicle Spear|p2a: Sylveon
|-activate|p2a: Sylveon|move: Protect
|
|-heal|p2a: Sylveon|87/100|[from] item: Leftovers
|-damage|p1a: Cloyster|0 fnt|[from] Leech Seed|[of] p2a: Sylveon
|-heal|p2a: Sylveon|89/100|[silent]
|faint|p1a: Cloyster
|upkeep
|inactive|gabros2002 has 30 seconds left.
|
|switch|p1a: Kommo-o|Kommo-o, M|76/100
|-damage|p1a: Kommo-o|63/100|[from] Spikes
|turn|36
|c| Fermat|S O U N D P R O O F?
|
|move|p1a: Kommo-o|Iron Head|p2a: Sylveon
|-supereffective|p2a: Sylveon
|-damage|p2a: Sylveon|9/100
|-damage|p1a: Kommo-o|53/100|[from] item: Life Orb
|move|p2a: Sylveon|Hyper Voice|p1a: Kommo-o
|-supereffective|p1a: Kommo-o
|-damage|p1a: Kommo-o|0 fnt
|faint|p1a: Kommo-o
|
|win|PetitPied
|raw|gabros2002's rating: 1928 → 1899(-29 for losing)
|raw|PetitPied's rating: 1744 → 1774(+30 for winning)
|l|☆gabros2002
