|ScrapeTime|2020-01-02-15:29:02
|j|☆DabiYtm
|j|☆kinori3
|player|p1|DabiYtm|2|1030
|player|p2|kinori3|266|1085
|teamsize|p1|6
|teamsize|p2|6
|gametype|singles
|gen|8
|tier|[Gen 8] OU
|rated|
|rule|Sleep Clause Mod: Limit one foe put to sleep
|rule|Species Clause: Limit one of each Pokémon
|rule|OHKO Clause: OHKO moves are banned
|rule|Evasion Moves Clause: Evasion moves are banned
|rule|Endless Battle Clause: Forcing endless battles is banned
|rule|HP Percentage Mod: HP is shown in percentages
|clearpoke
|poke|p1|Ferrothorn, F|
|poke|p1|Grimmsnarl, M|
|poke|p1|Rotom-Wash|
|poke|p1|Dragapult, F|
|poke|p1|Seismitoad, F|
|poke|p1|Cinderace, F|
|poke|p2|Cottonee, L1, F|
|poke|p2|Solosis, L1, F|
|poke|p2|Excadrill, M|
|poke|p2|Tyranitar, F|
|poke|p2|Togekiss, M|
|poke|p2|Yamask, L1, M|
|rule|Dynamax Clause: You cannot dynamax
|teampreview
|
|start
|switch|p1a: XxDarkPicots38xX|Ferrothorn, F|100/100
|switch|p2a: Solosis|Solosis, L1, F|100/100
|turn|1
|
|move|p1a: XxDarkPicots38xX|Spikes|p2a: Solosis
|-sidestart|p2: kinori3|Spikes
|move|p2a: Solosis|Trick Room|p2a: Solosis
|-fieldstart|move: Trick Room|[of] p2a: Solosis
|
|upkeep
|turn|2
|
|switch|p1a: Daorn pas content|Grimmsnarl, M|100/100
|move|p2a: Solosis|Encore||[still]
|-fail|p2a: Solosis
|
|upkeep
|turn|3
|
|move|p2a: Solosis|Endeavor|p1a: Daorn pas content
|-damage|p1a: Daorn pas content|4/100
|move|p1a: Daorn pas content|Darkest Lariat|p2a: Solosis
|-supereffective|p2a: Solosis
|-enditem|p2a: Solosis|Focus Sash
|-damage|p2a: Solosis|9/100
|-damage|p1a: Daorn pas content|0 fnt|[from] item: Life Orb
|faint|p1a: Daorn pas content
|
|upkeep
|
|switch|p1a: XxDarkPicots38xX|Ferrothorn, F|100/100
|turn|4
|
|move|p2a: Solosis|Endeavor|p1a: XxDarkPicots38xX
|-damage|p1a: XxDarkPicots38xX|1/100
|-activate|p1a: XxDarkPicots38xX|ability: Iron Barbs
|move|p1a: XxDarkPicots38xX|Gyro Ball|p2a: Solosis
|-crit|p2a: Solosis
|-damage|p2a: Solosis|0 fnt
|faint|p2a: Solosis
|
|-heal|p1a: XxDarkPicots38xX|7/100|[from] item: Leftovers
|upkeep
|
|switch|p2a: Tyranitar|Tyranitar, F|100/100
|-damage|p2a: Tyranitar|88/100|[from] Spikes
|-weather|Sandstorm|[from] ability: Sand Stream|[of] p2a: Tyranitar
|turn|5
|
|switch|p1a: Titouan le footbal|Cinderace, F|100/100
|move|p2a: Tyranitar|Earthquake|p1a: Titouan le footbal
|-supereffective|p1a: Titouan le footbal
|-damage|p1a: Titouan le footbal|10/100
|
|-weather|Sandstorm|[upkeep]
|-damage|p1a: Titouan le footbal|4/100|[from] Sandstorm
|-heal|p2a: Tyranitar|94/100|[from] item: Leftovers
|-fieldend|move: Trick Room
|upkeep
|turn|6
|
|move|p1a: Titouan le footbal|High Jump Kick|p2a: Tyranitar
|-supereffective|p2a: Tyranitar
|-damage|p2a: Tyranitar|0 fnt
|faint|p2a: Tyranitar
|
|-weather|Sandstorm|[upkeep]
|-damage|p1a: Titouan le footbal|0 fnt|[from] Sandstorm
|faint|p1a: Titouan le footbal
|upkeep
|
|switch|p1a: Je lave ton cul|Rotom-Wash|100/100
|switch|p2a: Excadrill|Excadrill, M|100/100
|-damage|p2a: Excadrill|88/100|[from] Spikes
|turn|7
|
|move|p2a: Excadrill|Rapid Spin|p1a: Je lave ton cul
|-damage|p1a: Je lave ton cul|84/100
|-sideend|p2: kinori3|Spikes|[from] move: Rapid Spin|[of] p2a: Excadrill
|-boost|p2a: Excadrill|spe|1
|move|p1a: Je lave ton cul|Hydro Pump|p2a: Excadrill
|-supereffective|p2a: Excadrill
|-damage|p2a: Excadrill|0 fnt
|faint|p2a: Excadrill
|
|-weather|Sandstorm|[upkeep]
|-damage|p1a: Je lave ton cul|78/100|[from] Sandstorm
|upkeep
|
|switch|p2a: Yamask|Yamask, L1, M|100/100
|turn|8
|
|switch|p1a: XxDarkProBG24xX|Dragapult, F|100/100
|move|p2a: Yamask|Trick Room|p2a: Yamask
|-fieldstart|move: Trick Room|[of] p2a: Yamask
|
|-weather|Sandstorm|[upkeep]
|-damage|p2a: Yamask|92/100|[from] Sandstorm
|-damage|p1a: XxDarkProBG24xX|95/100|[from] Sandstorm
|upkeep
|turn|9
|c|☆DabiYtm|PLZ PLAY
|
|move|p2a: Yamask|Endure|p2a: Yamask
|-singleturn|p2a: Yamask|move: Endure
|move|p1a: XxDarkProBG24xX|Shadow Ball|p2a: Yamask
|-supereffective|p2a: Yamask
|-activate|p2a: Yamask|move: Endure
|-damage|p2a: Yamask|9/100
|
|-weather|none
|upkeep
|turn|10
|
|move|p2a: Yamask|Destiny Bond|p2a: Yamask
|-singlemove|p2a: Yamask|Destiny Bond
|move|p1a: XxDarkProBG24xX|Shadow Ball|p2a: Yamask
|-supereffective|p2a: Yamask
|-damage|p2a: Yamask|0 fnt
|faint|p2a: Yamask
|-activate|p2a: Yamask|move: Destiny Bond
|faint|p1a: XxDarkProBG24xX
|
|upkeep
|
|switch|p2a: Cottonee|Cottonee, L1, F|100/100
|switch|p1a: Je lave ton cul|Rotom-Wash|78/100
|turn|11
|
|move|p2a: Cottonee|Leech Seed|p1a: Je lave ton cul
|-start|p1a: Je lave ton cul|move: Leech Seed
|move|p1a: Je lave ton cul|Will-O-Wisp|p2a: Cottonee
|-status|p2a: Cottonee|brn
|
|-damage|p1a: Je lave ton cul|66/100|[from] Leech Seed|[of] p2a: Cottonee
|-damage|p2a: Cottonee|92/100 brn|[from] brn
|upkeep
|turn|12
|
|switch|p1a: G BCP DAKNEE|Seismitoad, F, shiny|100/100
|move|p2a: Cottonee|Encore||[still]
|-fail|p2a: Cottonee
|
|-damage|p2a: Cottonee|84/100 brn|[from] brn
|-fieldend|move: Trick Room
|upkeep
|turn|13
|
|switch|p1a: XxDarkPicots38xX|Ferrothorn, F|7/100
|move|p2a: Cottonee|Endeavor|p1a: XxDarkPicots38xX
|-damage|p1a: XxDarkPicots38xX|3/100
|-damage|p2a: Cottonee|75/100 brn|[from] ability: Iron Barbs|[of] p1a: XxDarkPicots38xX
|
|-heal|p1a: XxDarkPicots38xX|10/100|[from] item: Leftovers
|-damage|p2a: Cottonee|67/100 brn|[from] brn
|upkeep
|turn|14
|
|move|p1a: XxDarkPicots38xX|Gyro Ball|p2a: Cottonee
|-supereffective|p2a: Cottonee
|-damage|p2a: Cottonee|0 fnt
|faint|p2a: Cottonee
|
|-heal|p1a: XxDarkPicots38xX|16/100|[from] item: Leftovers
|upkeep
|
|switch|p2a: Togekiss|Togekiss, M|100/100
|turn|15
|
|move|p2a: Togekiss|Flamethrower|p1a: XxDarkPicots38xX
|-supereffective|p1a: XxDarkPicots38xX
|-damage|p1a: XxDarkPicots38xX|0 fnt
|faint|p1a: XxDarkPicots38xX
|
|upkeep
|
|switch|p1a: Je lave ton cul|Rotom-Wash|66/100
|turn|16
|
|move|p2a: Togekiss|Air Slash|p1a: Je lave ton cul
|-resisted|p1a: Je lave ton cul
|-damage|p1a: Je lave ton cul|48/100
|cant|p1a: Je lave ton cul|flinch
|
|upkeep
|turn|17
|
|move|p2a: Togekiss|Air Slash|p1a: Je lave ton cul
|-resisted|p1a: Je lave ton cul
|-damage|p1a: Je lave ton cul|27/100
|cant|p1a: Je lave ton cul|flinch
|
|upkeep
|turn|18
|
|move|p2a: Togekiss|Air Slash|p1a: Je lave ton cul
|-resisted|p1a: Je lave ton cul
|-damage|p1a: Je lave ton cul|7/100
|-enditem|p1a: Je lave ton cul|Wiki Berry|[eat]
|-heal|p1a: Je lave ton cul|39/100|[from] item: Wiki Berry
|move|p1a: Je lave ton cul|Volt Switch|p2a: Togekiss
|-supereffective|p2a: Togekiss
|-damage|p2a: Togekiss|46/100
|
|switch|p1a: G BCP DAKNEE|Seismitoad, F, shiny|100/100|[from]move: Volt Switch
|
|-heal|p2a: Togekiss|53/100|[from] item: Leftovers
|upkeep
|turn|19
|
|move|p2a: Togekiss|Nasty Plot|p2a: Togekiss
|-boost|p2a: Togekiss|spa|2
|move|p1a: G BCP DAKNEE|Hydro Pump|p2a: Togekiss
|-damage|p2a: Togekiss|10/100
|
|-heal|p2a: Togekiss|16/100|[from] item: Leftovers
|upkeep
|turn|20
|
|move|p2a: Togekiss|Air Slash|p1a: G BCP DAKNEE
|-damage|p1a: G BCP DAKNEE|37/100
|cant|p1a: G BCP DAKNEE|flinch
|
|-heal|p2a: Togekiss|22/100|[from] item: Leftovers
|upkeep
|turn|21
|
|move|p2a: Togekiss|Air Slash|p1a: G BCP DAKNEE
|-damage|p1a: G BCP DAKNEE|0 fnt
|faint|p1a: G BCP DAKNEE
|
|-heal|p2a: Togekiss|28/100|[from] item: Leftovers
|upkeep
|
|switch|p1a: Je lave ton cul|Rotom-Wash|39/100
|turn|22
|
|move|p2a: Togekiss|Air Slash|p1a: Je lave ton cul
|-resisted|p1a: Je lave ton cul
|-damage|p1a: Je lave ton cul|1/100
|move|p1a: Je lave ton cul|Volt Switch|p2a: Togekiss
|-supereffective|p2a: Togekiss
|-damage|p2a: Togekiss|0 fnt
|faint|p2a: Togekiss
|
|win|DabiYtm
|raw|DabiYtm's rating: 1030 → 1071(+41 for winning)
|raw|kinori3's rating: 1085 → 1059(-26 for losing)
|c|☆kinori3|lol 1%
|c|☆DabiYtm|x)
|c|☆DabiYtm|ct serré
