|ScrapeTime|2020-01-01-06:02:28
|j|☆BandicootMan0913
|j|☆redwarrior11
|player|p1|BandicootMan0913|hiker-gen4|1204
|player|p2|redwarrior11|lucian|1233
|teamsize|p1|6
|teamsize|p2|6
|gametype|singles
|gen|8
|tier|[Gen 8] OU
|rated|
|rule|Sleep Clause Mod: Limit one foe put to sleep
|rule|Species Clause: Limit one of each Pokémon
|rule|OHKO Clause: OHKO moves are banned
|rule|Evasion Moves Clause: Evasion moves are banned
|rule|Endless Battle Clause: Forcing endless battles is banned
|rule|HP Percentage Mod: HP is shown in percentages
|clearpoke
|poke|p1|Dracovish|
|poke|p1|Conkeldurr, F|
|poke|p1|Toxtricity-Low-Key, F|
|poke|p1|Pelipper, F|
|poke|p1|Barraskewda, M|
|poke|p1|Ferrothorn, F|
|poke|p2|Lucario, M|
|poke|p2|Gyarados, M|
|poke|p2|Toxtricity, F|
|poke|p2|Mamoswine, F|
|poke|p2|Eldegoss, F|
|poke|p2|Sylveon, M|
|rule|Dynamax Clause: You cannot dynamax
|teampreview
|c|☆BandicootMan0913|Glhf
|
|start
|switch|p1a: Ferrothorn|Ferrothorn, F|100/100
|switch|p2a: Toxtricity|Toxtricity, F|100/100
|turn|1
|
|move|p2a: Toxtricity|Volt Switch|p1a: Ferrothorn
|-resisted|p1a: Ferrothorn
|-damage|p1a: Ferrothorn|76/100
|
|switch|p2a: Lucario|Lucario, M|100/100|[from]move: Volt Switch
|move|p1a: Ferrothorn|Spikes|p2a: Lucario
|-sidestart|p2: redwarrior11|Spikes
|
|-heal|p1a: Ferrothorn|82/100|[from] item: Leftovers
|upkeep
|turn|2
|
|move|p2a: Lucario|Close Combat|p1a: Ferrothorn
|-supereffective|p1a: Ferrothorn
|-damage|p1a: Ferrothorn|0 fnt
|-damage|p2a: Lucario|88/100|[from] ability: Iron Barbs|[of] p1a: Ferrothorn
|-unboost|p2a: Lucario|def|1
|-unboost|p2a: Lucario|spd|1
|-damage|p2a: Lucario|78/100|[from] item: Life Orb
|faint|p1a: Ferrothorn
|
|upkeep
|
|switch|p1a: Conkeldurr|Conkeldurr, F|100/100
|turn|3
|
|switch|p2a: Gyarados|Gyarados, M, shiny|100/100
|-ability|p2a: Gyarados|Intimidate|boost
|-unboost|p1a: Conkeldurr|atk|1
|move|p1a: Conkeldurr|Drain Punch|p2a: Gyarados
|-resisted|p2a: Gyarados
|-damage|p2a: Gyarados|89/100
|
|-heal|p2a: Gyarados|95/100|[from] item: Leftovers
|-status|p1a: Conkeldurr|brn|[from] item: Flame Orb
|upkeep
|turn|4
|
|switch|p1a: Barraskewda|Barraskewda, M|100/100
|move|p2a: Gyarados|Waterfall|p1a: Barraskewda
|-resisted|p1a: Barraskewda
|-damage|p1a: Barraskewda|67/100
|
|-heal|p2a: Gyarados|100/100|[from] item: Leftovers
|upkeep
|turn|5
|
|move|p1a: Barraskewda|Psychic Fangs|p2a: Gyarados
|-damage|p2a: Gyarados|67/100
|move|p2a: Gyarados|Thunder Wave|p1a: Barraskewda
|-status|p1a: Barraskewda|par
|
|-heal|p2a: Gyarados|73/100|[from] item: Leftovers
|upkeep
|turn|6
|
|move|p2a: Gyarados|Waterfall|p1a: Barraskewda
|-resisted|p1a: Barraskewda
|-damage|p1a: Barraskewda|34/100 par
|move|p1a: Barraskewda|Psychic Fangs|p2a: Gyarados
|-damage|p2a: Gyarados|38/100
|
|-heal|p2a: Gyarados|44/100|[from] item: Leftovers
|upkeep
|turn|7
|
|move|p2a: Gyarados|Earthquake|p1a: Barraskewda
|-damage|p1a: Barraskewda|0 fnt
|faint|p1a: Barraskewda
|
|-heal|p2a: Gyarados|50/100|[from] item: Leftovers
|upkeep
|
|switch|p1a: Conkeldurr|Conkeldurr, F|100/100 brn
|turn|8
|
|move|p2a: Gyarados|Waterfall|p1a: Conkeldurr
|-damage|p1a: Conkeldurr|72/100 brn
|move|p1a: Conkeldurr|Drain Punch|p2a: Gyarados
|-resisted|p2a: Gyarados
|-damage|p2a: Gyarados|23/100
|-heal|p1a: Conkeldurr|85/100 brn|[from] drain|[of] p2a: Gyarados
|
|-heal|p2a: Gyarados|29/100|[from] item: Leftovers
|-damage|p1a: Conkeldurr|79/100 brn|[from] brn
|upkeep
|turn|9
|
|move|p2a: Gyarados|Waterfall|p1a: Conkeldurr
|-damage|p1a: Conkeldurr|48/100 brn
|move|p1a: Conkeldurr|Drain Punch|p2a: Gyarados
|-resisted|p2a: Gyarados
|-damage|p2a: Gyarados|3/100
|-heal|p1a: Conkeldurr|61/100 brn|[from] drain|[of] p2a: Gyarados
|
|-heal|p2a: Gyarados|9/100|[from] item: Leftovers
|-damage|p1a: Conkeldurr|55/100 brn|[from] brn
|upkeep
|turn|10
|
|move|p2a: Gyarados|Waterfall|p1a: Conkeldurr
|-damage|p1a: Conkeldurr|27/100 brn
|move|p1a: Conkeldurr|Drain Punch|p2a: Gyarados
|-resisted|p2a: Gyarados
|-damage|p2a: Gyarados|0 fnt
|-heal|p1a: Conkeldurr|31/100 brn|[from] drain|[of] p2a: Gyarados
|faint|p2a: Gyarados
|
|-damage|p1a: Conkeldurr|25/100 brn|[from] brn
|upkeep
|
|switch|p2a: Sylveon|Sylveon, M|100/100
|-damage|p2a: Sylveon|88/100|[from] Spikes
|turn|11
|
|move|p2a: Sylveon|Hyper Voice|p1a: Conkeldurr
|-supereffective|p1a: Conkeldurr
|-damage|p1a: Conkeldurr|0 fnt
|faint|p1a: Conkeldurr
|
|-heal|p2a: Sylveon|94/100|[from] item: Leftovers
|upkeep
|
|switch|p1a: Dracovish|Dracovish|100/100
|turn|12
|
|move|p2a: Sylveon|Protect|p2a: Sylveon
|-singleturn|p2a: Sylveon|Protect
|move|p1a: Dracovish|Fishious Rend|p2a: Sylveon
|-activate|p2a: Sylveon|move: Protect
|
|-heal|p2a: Sylveon|99/100|[from] item: Leftovers
|upkeep
|turn|13
|
|switch|p2a: Eldegoss|Eldegoss, F|100/100
|-damage|p2a: Eldegoss|88/100|[from] Spikes
|move|p1a: Dracovish|Fishious Rend|p2a: Eldegoss
|-resisted|p2a: Eldegoss
|-damage|p2a: Eldegoss|49/100
|
|-heal|p2a: Eldegoss|55/100|[from] item: Leftovers
|upkeep
|turn|14
|
|switch|p1a: Toxtricity|Toxtricity-Low-Key, F|100/100
|move|p2a: Eldegoss|Sleep Powder|p1a: Toxtricity
|-status|p1a: Toxtricity|slp|[from] move: Sleep Powder
|
|-heal|p2a: Eldegoss|61/100|[from] item: Leftovers
|upkeep
|turn|15
|
|switch|p1a: Pelipper|Pelipper, F|100/100
|-weather|RainDance|[from] ability: Drizzle|[of] p1a: Pelipper
|move|p2a: Eldegoss|Leech Seed|p1a: Pelipper
|-start|p1a: Pelipper|move: Leech Seed
|
|-weather|RainDance|[upkeep]
|-heal|p2a: Eldegoss|67/100|[from] item: Leftovers
|-damage|p1a: Pelipper|88/100|[from] Leech Seed|[of] p2a: Eldegoss
|-heal|p2a: Eldegoss|80/100|[silent]
|upkeep
|turn|16
|
|move|p1a: Pelipper|U-turn|p2a: Eldegoss
|-supereffective|p2a: Eldegoss
|-damage|p2a: Eldegoss|66/100
|
|switch|p1a: Dracovish|Dracovish|100/100|[from]move: U-turn
|move|p2a: Eldegoss|Leech Seed|p1a: Dracovish
|-start|p1a: Dracovish|move: Leech Seed
|
|-weather|RainDance|[upkeep]
|-heal|p2a: Eldegoss|72/100|[from] item: Leftovers
|-damage|p1a: Dracovish|88/100|[from] Leech Seed|[of] p2a: Eldegoss
|-heal|p2a: Eldegoss|84/100|[silent]
|upkeep
|turn|17
|
|move|p1a: Dracovish|Fishious Rend|p2a: Eldegoss
|-resisted|p2a: Eldegoss
|-damage|p2a: Eldegoss|18/100
|move|p2a: Eldegoss|Leaf Storm|p1a: Dracovish
|-damage|p1a: Dracovish|41/100
|-unboost|p2a: Eldegoss|spa|2
|
|-weather|RainDance|[upkeep]
|-heal|p2a: Eldegoss|25/100|[from] item: Leftovers
|-damage|p1a: Dracovish|29/100|[from] Leech Seed|[of] p2a: Eldegoss
|-heal|p2a: Eldegoss|37/100|[silent]
|upkeep
|turn|18
|
|move|p1a: Dracovish|Fishious Rend|p2a: Eldegoss
|-resisted|p2a: Eldegoss
|-crit|p2a: Eldegoss
|-damage|p2a: Eldegoss|0 fnt
|faint|p2a: Eldegoss
|
|-weather|RainDance|[upkeep]
|upkeep
|
|switch|p2a: Mamoswine|Mamoswine, F|100/100
|-damage|p2a: Mamoswine|88/100|[from] Spikes
|turn|19
|
|move|p1a: Dracovish|Fishious Rend|p2a: Mamoswine
|-supereffective|p2a: Mamoswine
|-damage|p2a: Mamoswine|0 fnt
|faint|p2a: Mamoswine
|
|-weather|RainDance|[upkeep]
|upkeep
|
|switch|p2a: Sylveon|Sylveon, M|99/100
|-damage|p2a: Sylveon|88/100|[from] Spikes
|turn|20
|
|move|p2a: Sylveon|Protect|p2a: Sylveon
|-singleturn|p2a: Sylveon|Protect
|move|p1a: Dracovish|Fishious Rend|p2a: Sylveon
|-activate|p2a: Sylveon|move: Protect
|
|-weather|RainDance|[upkeep]
|-heal|p2a: Sylveon|94/100|[from] item: Leftovers
|-damage|p1a: Dracovish|16/100|[from] Leech Seed|[of] p2a: Sylveon
|-heal|p2a: Sylveon|100/100|[silent]
|upkeep
|turn|21
|
|move|p1a: Dracovish|Fishious Rend|p2a: Sylveon
|-damage|p2a: Sylveon|0 fnt
|faint|p2a: Sylveon
|
|-weather|RainDance|[upkeep]
|upkeep
|
|switch|p2a: Lucario|Lucario, M|78/100
|-damage|p2a: Lucario|66/100|[from] Spikes
|turn|22
|
|move|p2a: Lucario|Bullet Punch|p1a: Dracovish
|-resisted|p1a: Dracovish
|-damage|p1a: Dracovish|3/100
|-damage|p2a: Lucario|56/100|[from] item: Life Orb
|move|p1a: Dracovish|Fishious Rend|p2a: Lucario
|-damage|p2a: Lucario|0 fnt
|faint|p2a: Lucario
|
|-weather|none
|upkeep
|-message|redwarrior11 forfeited.
|
|win|BandicootMan0913
|l|☆redwarrior11
|raw|BandicootMan0913's rating: 1204 → 1231(+27 for winning)
|raw|redwarrior11's rating: 1233 → 1206(-27 for losing)
