|ScrapeTime|2020-01-01-16:14:52
|j|☆Daellio
|j|☆Mr Yeety Meats
|player|p1|Daellio|218|1504
|player|p2|Mr Yeety Meats|102|1484
|teamsize|p1|6
|teamsize|p2|6
|gametype|singles
|gen|8
|tier|[Gen 8] OU
|rated|
|rule|Sleep Clause Mod: Limit one foe put to sleep
|rule|Species Clause: Limit one of each Pokémon
|rule|OHKO Clause: OHKO moves are banned
|rule|Evasion Moves Clause: Evasion moves are banned
|rule|Endless Battle Clause: Forcing endless battles is banned
|rule|HP Percentage Mod: HP is shown in percentages
|clearpoke
|poke|p1|Dragapult, F|
|poke|p1|Mimikyu, F|
|poke|p1|Steelix, F|
|poke|p1|Diggersby, M|
|poke|p1|Corviknight, M|
|poke|p1|Hawlucha, F|
|poke|p2|Dragapult, M|
|poke|p2|Dracozolt|
|poke|p2|Gyarados, F|
|poke|p2|Corviknight, M|
|poke|p2|Toxapex, M|
|poke|p2|Mamoswine, M|
|rule|Dynamax Clause: You cannot dynamax
|teampreview
|inactive|Battle timer is ON: inactive players will automatically lose when time's up. (requested by Mr Yeety Meats)
|c|☆Mr Yeety Meats|Hi
|c|☆Daellio|Hi
|inactive|Mr Yeety Meats has 120 seconds left.
|
|start
|switch|p1a: Diggersby|Diggersby, M|100/100
|switch|p2a: Gyarados|Gyarados, F|100/100
|turn|1
|
|move|p2a: Gyarados|Dragon Dance|p2a: Gyarados
|-boost|p2a: Gyarados|atk|1
|-boost|p2a: Gyarados|spe|1
|move|p1a: Diggersby|Body Slam|p2a: Gyarados
|-damage|p2a: Gyarados|11/100
|-status|p2a: Gyarados|par
|
|-heal|p2a: Gyarados|17/100 par|[from] item: Leftovers
|upkeep
|turn|2
|
|move|p1a: Diggersby|Body Slam|p2a: Gyarados
|-damage|p2a: Gyarados|0 fnt
|faint|p2a: Gyarados
|
|upkeep
|inactive|Mr Yeety Meats has 120 seconds left.
|
|switch|p2a: Dragapult|Dragapult, M|100/100
|turn|3
|
|switch|p1a: Mimikyu|Mimikyu, F|100/100
|move|p2a: Dragapult|Fire Blast|p1a: Mimikyu
|-activate|p1a: Mimikyu|ability: Disguise
|-damage|p1a: Mimikyu|100/100
|detailschange|p1a: Mimikyu|Mimikyu-Busted, F
|-damage|p1a: Mimikyu|88/100|[from] ability: Disguise|[of] p1a: Mimikyu
|
|upkeep
|turn|4
|
|switch|p2a: Corviknight|Corviknight, M|100/100
|move|p1a: Mimikyu|Shadow Claw|p2a: Corviknight
|-damage|p2a: Corviknight|69/100
|-damage|p1a: Mimikyu|78/100|[from] item: Life Orb
|
|-heal|p2a: Corviknight|75/100|[from] item: Leftovers
|upkeep
|turn|5
|
|switch|p2a: Mamoswine|Mamoswine, M|100/100
|move|p1a: Mimikyu|Swords Dance|p1a: Mimikyu
|-boost|p1a: Mimikyu|atk|2
|
|upkeep
|turn|6
|inactive|Mr Yeety Meats has 120 seconds left.
|
|switch|p2a: Corviknight|Corviknight, M|75/100
|move|p1a: Mimikyu|Play Rough|p2a: Corviknight
|-resisted|p2a: Corviknight
|-damage|p2a: Corviknight|36/100
|-damage|p1a: Mimikyu|68/100|[from] item: Life Orb
|
|-heal|p2a: Corviknight|42/100|[from] item: Leftovers
|upkeep
|turn|7
|inactive|Mr Yeety Meats has 120 seconds left.
|
|switch|p2a: Toxapex|Toxapex, M|100/100
|move|p1a: Mimikyu|Shadow Claw|p2a: Toxapex
|-damage|p2a: Toxapex|39/100
|-damage|p1a: Mimikyu|58/100|[from] item: Life Orb
|
|-heal|p2a: Toxapex|45/100|[from] item: Black Sludge
|upkeep
|turn|8
|inactive|Mr Yeety Meats has 120 seconds left.
|
|switch|p2a: Corviknight|Corviknight, M|42/100
|move|p1a: Mimikyu|Shadow Claw|p2a: Corviknight
|-damage|p2a: Corviknight|0 fnt
|-damage|p1a: Mimikyu|48/100|[from] item: Life Orb
|faint|p2a: Corviknight
|
|upkeep
|inactive|Mr Yeety Meats has 120 seconds left.
|
|switch|p2a: Mamoswine|Mamoswine, M|100/100
|turn|9
|
|move|p1a: Mimikyu|Shadow Sneak|p2a: Mamoswine
|-damage|p2a: Mamoswine|51/100
|-damage|p1a: Mimikyu|38/100|[from] item: Life Orb
|move|p2a: Mamoswine|Ice Shard|p1a: Mimikyu
|-damage|p1a: Mimikyu|2/100
|
|upkeep
|turn|10
|
|switch|p2a: Toxapex|Toxapex, M|78/100
|move|p1a: Mimikyu|Shadow Claw|p2a: Toxapex
|-damage|p2a: Toxapex|22/100
|-damage|p1a: Mimikyu|0 fnt|[from] item: Life Orb
|faint|p1a: Mimikyu
|
|-heal|p2a: Toxapex|28/100|[from] item: Black Sludge
|upkeep
|
|switch|p1a: Diggersby|Diggersby, M|100/100
|turn|11
|
|move|p1a: Diggersby|Earthquake|p2a: Toxapex
|-supereffective|p2a: Toxapex
|-damage|p2a: Toxapex|0 fnt
|faint|p2a: Toxapex
|
|upkeep
|
|switch|p2a: Mamoswine|Mamoswine, M|51/100
|turn|12
|
|switch|p1a: Corviknight|Corviknight, M|100/100
|-ability|p1a: Corviknight|Pressure
|move|p2a: Mamoswine|Icicle Crash|p1a: Corviknight
|-damage|p1a: Corviknight|63/100
|
|-heal|p1a: Corviknight|69/100|[from] item: Leftovers
|upkeep
|turn|13
|
|move|p2a: Mamoswine|Icicle Crash|p1a: Corviknight
|-damage|p1a: Corviknight|26/100
|move|p1a: Corviknight|Substitute|p1a: Corviknight
|-start|p1a: Corviknight|Substitute
|-damage|p1a: Corviknight|1/100
|
|-heal|p1a: Corviknight|7/100|[from] item: Leftovers
|upkeep
|turn|14
|
|move|p2a: Mamoswine|Icicle Crash|p1a: Corviknight
|-end|p1a: Corviknight|Substitute
|move|p1a: Corviknight|Roost|p1a: Corviknight
|-heal|p1a: Corviknight|57/100
|-singleturn|p1a: Corviknight|move: Roost
|
|-heal|p1a: Corviknight|63/100|[from] item: Leftovers
|upkeep
|turn|15
|
|move|p2a: Mamoswine|Icicle Crash|p1a: Corviknight
|-damage|p1a: Corviknight|0 fnt
|faint|p1a: Corviknight
|
|upkeep
|
|switch|p1a: Hawlucha|Hawlucha, F|100/100
|turn|16
|
|switch|p2a: Dragapult|Dragapult, M|100/100
|move|p1a: Hawlucha|Close Combat|p2a: Dragapult
|-immune|p2a: Dragapult
|
|upkeep
|turn|17
|c|☆Daellio|How did it do that much ?
|
|move|p2a: Dragapult|Draco Meteor|p1a: Hawlucha|[miss]
|-miss|p2a: Dragapult|p1a: Hawlucha
|move|p1a: Hawlucha|Swords Dance|p1a: Hawlucha
|-boost|p1a: Hawlucha|atk|2
|
|upkeep
|turn|18
|
|move|p2a: Dragapult|Draco Meteor|p1a: Hawlucha
|-damage|p1a: Hawlucha|0 fnt
|-unboost|p2a: Dragapult|spa|2
|faint|p1a: Hawlucha
|
|upkeep
|
|switch|p1a: Dragapult|Dragapult, F|100/100
|turn|19
|
|switch|p2a: Dracozolt|Dracozolt|100/100
|move|p1a: Dragapult|Dragon Darts|p2a: Dracozolt
|-supereffective|p2a: Dracozolt
|-damage|p2a: Dracozolt|38/100
|-supereffective|p2a: Dracozolt
|-damage|p2a: Dracozolt|0 fnt
|-hitcount|p2a: Dracozolt|2
|faint|p2a: Dracozolt
|
|upkeep
|
|switch|p2a: Mamoswine|Mamoswine, M|51/100
|turn|20
|
|move|p2a: Mamoswine|Ice Shard|p1a: Dragapult
|-supereffective|p1a: Dragapult
|-damage|p1a: Dragapult|32/100
|move|p1a: Dragapult|Dragon Darts|p2a: Mamoswine
|-damage|p2a: Mamoswine|25/100
|-damage|p2a: Mamoswine|0 fnt
|-hitcount|p2a: Mamoswine|2
|faint|p2a: Mamoswine
|
|upkeep
|-message|Mr Yeety Meats forfeited.
|
|win|Daellio
|l|☆Mr Yeety Meats
|raw|Daellio's rating: 1504 → 1523(+19 for winning)
|raw|Mr Yeety Meats's rating: 1482 → 1464(-18 for losing)
