|ScrapeTime|2020-01-01-06:45:09
|j|☆grumpycatR
|j|☆Mcfetish
|player|p1|grumpycatR|266|1079
|player|p2|Mcfetish|giovanni|1152
|teamsize|p1|6
|teamsize|p2|6
|gametype|singles
|gen|8
|tier|[Gen 8] OU
|rated|
|rule|Sleep Clause Mod: Limit one foe put to sleep
|rule|Species Clause: Limit one of each Pokémon
|rule|OHKO Clause: OHKO moves are banned
|rule|Evasion Moves Clause: Evasion moves are banned
|rule|Endless Battle Clause: Forcing endless battles is banned
|rule|HP Percentage Mod: HP is shown in percentages
|clearpoke
|poke|p1|Mew|
|poke|p1|Crawdaunt, M|
|poke|p1|Lucario, M|
|poke|p1|Dragapult, M|
|poke|p1|Bisharp, F|
|poke|p1|Aegislash, F|
|poke|p2|Durant, F|
|poke|p2|Grimmsnarl, M|
|poke|p2|Rotom-Heat|
|poke|p2|Corsola-Galar, F|
|poke|p2|Gengar, M|
|poke|p2|Corviknight, F|
|rule|Dynamax Clause: You cannot dynamax
|teampreview
|
|start
|switch|p1a: Mew|Mew|100/100
|switch|p2a: Grimmsnarl|Grimmsnarl, M|100/100
|turn|1
|inactive|Battle timer is ON: inactive players will automatically lose when time's up. (requested by Mcfetish)
|
|move|p2a: Grimmsnarl|Taunt|p1a: Mew
|-start|p1a: Mew|move: Taunt
|cant|p1a: Mew|move: Taunt|Stealth Rock
|
|upkeep
|turn|2
|
|switch|p1a: Lucario|Lucario, M|100/100
|move|p2a: Grimmsnarl|Spirit Break|p1a: Lucario
|-damage|p1a: Lucario|42/100
|-unboost|p1a: Lucario|spa|1
|
|upkeep
|turn|3
|inactive|grumpycatR has 120 seconds left.
|
|switch|p1a: Aegislash|Aegislash, F|100/100
|-item|p1a: Aegislash|Air Balloon
|move|p2a: Grimmsnarl|Spirit Break|p1a: Aegislash
|-resisted|p1a: Aegislash
|-damage|p1a: Aegislash|85/100
|-enditem|p1a: Aegislash|Air Balloon
|-unboost|p1a: Aegislash|spa|1
|
|upkeep
|turn|4
|
|move|p2a: Grimmsnarl|Taunt|p1a: Aegislash
|-start|p1a: Aegislash|move: Taunt
|cant|p1a: Aegislash|move: Taunt|Swords Dance
|
|upkeep
|turn|5
|
|-formechange|p1a: Aegislash|Aegislash-Blade||[from] ability: Stance Change
|move|p1a: Aegislash|Iron Head|p2a: Grimmsnarl
|-supereffective|p2a: Grimmsnarl
|-damage|p2a: Grimmsnarl|15/100
|move|p2a: Grimmsnarl|Fire Punch|p1a: Aegislash
|-supereffective|p1a: Aegislash
|-damage|p1a: Aegislash|0 fnt
|faint|p1a: Aegislash
|
|-heal|p2a: Grimmsnarl|21/100|[from] item: Leftovers
|upkeep
|
|switch|p1a: Bisharp|Bisharp, F|100/100
|turn|6
|inactive|grumpycatR has 90 seconds left.
|
|switch|p2a: Rotom|Rotom-Heat|100/100
|move|p1a: Bisharp|Iron Head|p2a: Rotom
|-resisted|p2a: Rotom
|-damage|p2a: Rotom|86/100
|-damage|p1a: Bisharp|91/100|[from] item: Life Orb
|
|upkeep
|turn|7
|inactive|grumpycatR has 90 seconds left.
|
|switch|p1a: Dragapult|Dragapult, M|100/100
|move|p2a: Rotom|Trick|p1a: Dragapult
|-activate|p2a: Rotom|move: Trick|[of] p1a: Dragapult
|-item|p1a: Dragapult|Choice Scarf|[from] move: Trick
|-item|p2a: Rotom|Leftovers|[from] move: Trick
|
|-heal|p2a: Rotom|92/100|[from] item: Leftovers
|upkeep
|turn|8
|inactive|grumpycatR has 90 seconds left.
|
|move|p1a: Dragapult|Dragon Darts|p2a: Rotom
|-damage|p2a: Rotom|65/100
|-damage|p2a: Rotom|39/100
|-hitcount|p2a: Rotom|2
|move|p2a: Rotom|Will-O-Wisp|p1a: Dragapult|[miss]
|-miss|p2a: Rotom|p1a: Dragapult
|
|-heal|p2a: Rotom|45/100|[from] item: Leftovers
|upkeep
|turn|9
|inactive|grumpycatR has 90 seconds left.
|
|switch|p1a: Mew|Mew|100/100
|move|p2a: Rotom|Will-O-Wisp|p1a: Mew
|-status|p1a: Mew|brn
|-activate|p1a: Mew|ability: Synchronize
|-immune|p2a: Rotom
|
|-heal|p2a: Rotom|51/100|[from] item: Leftovers
|-damage|p1a: Mew|94/100 brn|[from] brn
|upkeep
|turn|10
|
|switch|p2a: Durant|Durant, F|100/100
|move|p1a: Mew|Rock Tomb|p2a: Durant
|-damage|p2a: Durant|92/100
|-unboost|p2a: Durant|spe|1
|
|-damage|p1a: Mew|88/100 brn|[from] brn
|upkeep
|turn|11
|inactive|grumpycatR has 90 seconds left.
|
|switch|p1a: Dragapult|Dragapult, M|100/100
|move|p2a: Durant|First Impression|p1a: Dragapult
|-resisted|p1a: Dragapult
|-damage|p1a: Dragapult|48/100
|-damage|p2a: Durant|83/100|[from] item: Life Orb
|
|upkeep
|turn|12
|inactive|grumpycatR has 90 seconds left.
|
|switch|p2a: Grimmsnarl|Grimmsnarl, M|21/100
|move|p1a: Dragapult|Phantom Force||[still]
|-prepare|p1a: Dragapult|Phantom Force|p2a: Grimmsnarl
|
|-heal|p2a: Grimmsnarl|27/100|[from] item: Leftovers
|upkeep
|turn|13
|
|move|p1a: Dragapult|Phantom Force|p2a: Grimmsnarl|[from]lockedmove
|-resisted|p2a: Grimmsnarl
|-damage|p2a: Grimmsnarl|9/100
|move|p2a: Grimmsnarl|Spirit Break|p1a: Dragapult
|-supereffective|p1a: Dragapult
|-crit|p1a: Dragapult
|-damage|p1a: Dragapult|0 fnt
|faint|p1a: Dragapult
|
|-heal|p2a: Grimmsnarl|15/100|[from] item: Leftovers
|upkeep
|inactive|grumpycatR has 90 seconds left.
|
|switch|p1a: Bisharp|Bisharp, F|91/100
|turn|14
|inactive|grumpycatR has 90 seconds left.
|
|move|p1a: Bisharp|Swords Dance|p1a: Bisharp
|-boost|p1a: Bisharp|atk|2
|move|p2a: Grimmsnarl|Fire Punch|p1a: Bisharp
|-supereffective|p1a: Bisharp
|-damage|p1a: Bisharp|37/100
|
|-heal|p2a: Grimmsnarl|21/100|[from] item: Leftovers
|upkeep
|turn|15
|inactive|grumpycatR has 90 seconds left.
|
|move|p2a: Grimmsnarl|Thunder Wave|p1a: Bisharp
|-hint|Since gen 7, Dark is immune to Prankster moves.
|-immune|p1a: Bisharp
|move|p1a: Bisharp|Iron Head|p2a: Grimmsnarl
|-supereffective|p2a: Grimmsnarl
|-damage|p2a: Grimmsnarl|0 fnt
|-damage|p1a: Bisharp|27/100|[from] item: Life Orb
|faint|p2a: Grimmsnarl
|
|upkeep
|inactive|Mcfetish has 120 seconds left.
|
|switch|p2a: Durant|Durant, F|83/100
|turn|16
|
|switch|p1a: Lucario|Lucario, M|42/100
|move|p2a: Durant|First Impression|p1a: Lucario|[miss]
|-miss|p2a: Durant|p1a: Lucario
|
|upkeep
|turn|17
|
|move|p2a: Durant|Stomping Tantrum|p1a: Lucario
|-supereffective|p1a: Lucario
|-damage|p1a: Lucario|0 fnt
|-damage|p2a: Durant|73/100|[from] item: Life Orb
|faint|p1a: Lucario
|
|upkeep
|
|switch|p1a: Mew|Mew|88/100 brn
|turn|18
|
|switch|p2a: Gengar|Gengar, M|100/100
|move|p1a: Mew|Rock Tomb|p2a: Gengar
|-damage|p2a: Gengar|87/100
|-unboost|p2a: Gengar|spe|1
|
|-damage|p1a: Mew|82/100 brn|[from] brn
|upkeep
|turn|19
|
|move|p2a: Gengar|Shadow Ball|p1a: Mew
|-supereffective|p1a: Mew
|-damage|p1a: Mew|12/100 brn
|move|p1a: Mew|Stealth Rock|p2a: Gengar
|-sidestart|p2: Mcfetish|move: Stealth Rock
|
|-damage|p1a: Mew|5/100 brn|[from] brn
|upkeep
|turn|20
|inactive|grumpycatR has 120 seconds left.
|
|move|p2a: Gengar|Shadow Ball|p1a: Mew
|-supereffective|p1a: Mew
|-damage|p1a: Mew|0 fnt
|faint|p1a: Mew
|
|upkeep
|
|switch|p1a: Crawdaunt|Crawdaunt, M|100/100
|turn|21
|
|move|p2a: Gengar|Shadow Ball|p1a: Crawdaunt
|-resisted|p1a: Crawdaunt
|-crit|p1a: Crawdaunt
|-damage|p1a: Crawdaunt|38/100
|-unboost|p1a: Crawdaunt|spd|1
|move|p1a: Crawdaunt|Swords Dance|p1a: Crawdaunt
|-boost|p1a: Crawdaunt|atk|2
|
|upkeep
|turn|22
|inactive|grumpycatR has 120 seconds left.
|
|move|p1a: Crawdaunt|Aqua Jet|p2a: Gengar
|-damage|p2a: Gengar|0 fnt
|-start|p1a: Crawdaunt|Disable|Aqua Jet|[from] ability: Cursed Body|[of] p2a: Gengar
|-damage|p1a: Crawdaunt|28/100|[from] item: Life Orb
|faint|p2a: Gengar
|
|upkeep
|
|switch|p2a: Corviknight|Corviknight, F|100/100
|-damage|p2a: Corviknight|88/100|[from] Stealth Rock
|turn|23
|
|move|p1a: Crawdaunt|Crabhammer|p2a: Corviknight
|-damage|p2a: Corviknight|0 fnt
|-damage|p1a: Crawdaunt|18/100|[from] item: Life Orb
|faint|p2a: Corviknight
|
|upkeep
|
|switch|p2a: Durant|Durant, F|73/100
|-damage|p2a: Durant|60/100|[from] Stealth Rock
|turn|24
|
|move|p2a: Durant|First Impression|p1a: Crawdaunt
|-supereffective|p1a: Crawdaunt
|-damage|p1a: Crawdaunt|0 fnt
|-damage|p2a: Durant|51/100|[from] item: Life Orb
|faint|p1a: Crawdaunt
|
|upkeep
|
|switch|p1a: Bisharp|Bisharp, F|27/100
|turn|25
|
|move|p2a: Durant|Superpower|p1a: Bisharp
|-supereffective|p1a: Bisharp
|-damage|p1a: Bisharp|0 fnt
|-unboost|p2a: Durant|atk|1
|-unboost|p2a: Durant|def|1
|-damage|p2a: Durant|41/100|[from] item: Life Orb
|faint|p1a: Bisharp
|
|win|Mcfetish
|raw|grumpycatR's rating: 1079 → 1062(-17 for losing)
|raw|Mcfetish's rating: 1152 → 1172(+20 for winning)
|l|☆grumpycatR
