|ScrapeTime|2020-01-02-00:52:27
|j|☆TheGhostlyBanshee
|j|☆Sl33pyVGC
|player|p1|TheGhostlyBanshee|dahlia|1103
|player|p2|Sl33pyVGC|180|1114
|teamsize|p1|6
|teamsize|p2|6
|gametype|singles
|gen|8
|tier|[Gen 8] OU
|rated|
|rule|Sleep Clause Mod: Limit one foe put to sleep
|rule|Species Clause: Limit one of each Pokémon
|rule|OHKO Clause: OHKO moves are banned
|rule|Evasion Moves Clause: Evasion moves are banned
|rule|Endless Battle Clause: Forcing endless battles is banned
|rule|HP Percentage Mod: HP is shown in percentages
|clearpoke
|poke|p1|Corsola-Galar, F|
|poke|p1|Seismitoad, M|
|poke|p1|Togekiss, M|
|poke|p1|Turtonator, F|
|poke|p1|Conkeldurr, M|
|poke|p1|Avalugg, F|
|poke|p2|Hydreigon, F|
|poke|p2|Sylveon, F|
|poke|p2|Corviknight, F|
|poke|p2|Cinderace, F|
|poke|p2|Seismitoad, F|
|poke|p2|Rotom-Wash|
|rule|Dynamax Clause: You cannot dynamax
|teampreview
|inactive|Battle timer is ON: inactive players will automatically lose when time's up. (requested by Sl33pyVGC)
|inactive|TheGhostlyBanshee has 120 seconds left.
|
|start
|switch|p1a: Trans Rights|Togekiss, M|100/100
|switch|p2a: Rotom|Rotom-Wash|100/100
|turn|1
|
|move|p2a: Rotom|Trick|p1a: Trans Rights
|-activate|p2a: Rotom|move: Trick|[of] p1a: Trans Rights
|-item|p1a: Trans Rights|Choice Scarf|[from] move: Trick
|-item|p2a: Rotom|Leftovers|[from] move: Trick
|move|p1a: Trans Rights|Nasty Plot|p1a: Trans Rights
|-boost|p1a: Trans Rights|spa|2
|
|upkeep
|turn|2
|
|move|p1a: Trans Rights|Nasty Plot|p1a: Trans Rights
|-boost|p1a: Trans Rights|spa|2
|move|p2a: Rotom|Volt Switch|p1a: Trans Rights
|-supereffective|p1a: Trans Rights
|-damage|p1a: Trans Rights|48/100
|inactive|Sl33pyVGC has 120 seconds left.
|
|switch|p2a: Corviknight|Corviknight, F|100/100|[from]move: Volt Switch
|-ability|p2a: Corviknight|Pressure
|
|upkeep
|turn|3
|
|move|p1a: Trans Rights|Nasty Plot|p1a: Trans Rights
|-boost|p1a: Trans Rights|spa|2
|move|p2a: Corviknight|Iron Head|p1a: Trans Rights
|-supereffective|p1a: Trans Rights
|-damage|p1a: Trans Rights|0 fnt
|faint|p1a: Trans Rights
|
|upkeep
|
|switch|p1a: Pyro|Turtonator, F, shiny|100/100
|turn|4
|inactive|Sl33pyVGC has 120 seconds left.
|
|switch|p2a: Seismitoad|Seismitoad, F|100/100
|move|p1a: Pyro|Fire Blast|p2a: Seismitoad
|-resisted|p2a: Seismitoad
|-crit|p2a: Seismitoad
|-damage|p2a: Seismitoad|72/100
|
|-heal|p2a: Seismitoad|78/100|[from] item: Leftovers
|upkeep
|turn|5
|
|switch|p1a: Kermit's Weight Pr|Seismitoad, M, shiny|100/100
|move|p2a: Seismitoad|Toxic|p1a: Kermit's Weight Pr
|-status|p1a: Kermit's Weight Pr|tox
|
|-heal|p2a: Seismitoad|84/100|[from] item: Leftovers
|-damage|p1a: Kermit's Weight Pr|94/100 tox|[from] psn
|upkeep
|turn|6
|inactive|Sl33pyVGC has 120 seconds left.
|
|switch|p2a: Corviknight|Corviknight, F|100/100
|-ability|p2a: Corviknight|Pressure
|move|p1a: Kermit's Weight Pr|Toxic|p2a: Corviknight
|-immune|p2a: Corviknight
|
|-heal|p1a: Kermit's Weight Pr|100/100 tox|[from] item: Leftovers
|-damage|p1a: Kermit's Weight Pr|88/100 tox|[from] psn
|upkeep
|turn|7
|
|move|p1a: Kermit's Weight Pr|Scald|p2a: Corviknight
|-damage|p2a: Corviknight|85/100
|move|p2a: Corviknight|Taunt|p1a: Kermit's Weight Pr
|-start|p1a: Kermit's Weight Pr|move: Taunt
|
|-heal|p1a: Kermit's Weight Pr|94/100 tox|[from] item: Leftovers
|-heal|p2a: Corviknight|91/100|[from] item: Leftovers
|-damage|p1a: Kermit's Weight Pr|76/100 tox|[from] psn
|upkeep
|turn|8
|
|switch|p2a: Seismitoad|Seismitoad, F|84/100
|move|p1a: Kermit's Weight Pr|Scald|p2a: Seismitoad
|-heal|p2a: Seismitoad|100/100|[from] ability: Water Absorb|[of] p1a: Kermit's Weight Pr
|
|-heal|p1a: Kermit's Weight Pr|82/100 tox|[from] item: Leftovers
|-damage|p1a: Kermit's Weight Pr|58/100 tox|[from] psn
|upkeep
|turn|9
|
|switch|p1a: Pyro|Turtonator, F, shiny|100/100
|move|p2a: Seismitoad|Stealth Rock|p1a: Pyro
|-sidestart|p1: TheGhostlyBanshee|move: Stealth Rock
|
|upkeep
|turn|10
|
|switch|p1a: Kermit's Weight Pr|Seismitoad, M, shiny|58/100 tox
|-damage|p1a: Kermit's Weight Pr|52/100 tox|[from] Stealth Rock
|move|p2a: Seismitoad|Scald|p1a: Kermit's Weight Pr
|-heal|p1a: Kermit's Weight Pr|77/100 tox|[from] ability: Water Absorb|[of] p2a: Seismitoad
|
|-heal|p1a: Kermit's Weight Pr|83/100 tox|[from] item: Leftovers
|-damage|p1a: Kermit's Weight Pr|77/100 tox|[from] psn
|upkeep
|turn|11
|inactive|TheGhostlyBanshee has 120 seconds left.
|inactive|TheGhostlyBanshee has 90 seconds left.
|inactive|TheGhostlyBanshee has 60 seconds left.
|inactive|TheGhostlyBanshee has 30 seconds left.
|inactive|TheGhostlyBanshee has 20 seconds left.
|c|☆TheGhostlyBanshee|OH SHU
|
|switch|p2a: Corviknight|Corviknight, F|91/100
|-ability|p2a: Corviknight|Pressure
|move|p1a: Kermit's Weight Pr|Earth Power|p2a: Corviknight
|-immune|p2a: Corviknight
|
|-heal|p1a: Kermit's Weight Pr|83/100 tox|[from] item: Leftovers
|-heal|p2a: Corviknight|98/100|[from] item: Leftovers
|-damage|p1a: Kermit's Weight Pr|71/100 tox|[from] psn
|upkeep
|turn|12
|inactive|TheGhostlyBanshee has 30 seconds left this turn.
|inactive|TheGhostlyBanshee has 20 seconds left.
|
|switch|p1a: Pyro|Turtonator, F, shiny|100/100
|-damage|p1a: Pyro|76/100|[from] Stealth Rock
|move|p2a: Corviknight|Taunt|p1a: Pyro
|-start|p1a: Pyro|move: Taunt
|
|-heal|p2a: Corviknight|100/100|[from] item: Leftovers
|upkeep
|turn|13
|inactive|TheGhostlyBanshee has 30 seconds left this turn.
|
|switch|p2a: Seismitoad|Seismitoad, F|100/100
|move|p1a: Pyro|Flash Cannon|p2a: Seismitoad
|-resisted|p2a: Seismitoad
|-damage|p2a: Seismitoad|91/100
|
|-heal|p2a: Seismitoad|97/100|[from] item: Leftovers
|upkeep
|turn|14
|inactive|TheGhostlyBanshee has 30 seconds left.
|
|move|p2a: Seismitoad|Earthquake|p1a: Pyro
|-supereffective|p1a: Pyro
|-damage|p1a: Pyro|27/100
|move|p1a: Pyro|Draco Meteor|p2a: Seismitoad
|-damage|p2a: Seismitoad|55/100
|-unboost|p1a: Pyro|spa|2
|
|-heal|p2a: Seismitoad|61/100|[from] item: Leftovers
|-end|p1a: Pyro|move: Taunt
|upkeep
|turn|15
|inactive|Sl33pyVGC has 120 seconds left.
|inactive|TheGhostlyBanshee has 30 seconds left.
|
|switch|p1a: Kermit's Weight Pr|Seismitoad, M, shiny|71/100 tox
|-damage|p1a: Kermit's Weight Pr|65/100 tox|[from] Stealth Rock
|move|p2a: Seismitoad|Earthquake|p1a: Kermit's Weight Pr
|-damage|p1a: Kermit's Weight Pr|40/100 tox
|
|-heal|p1a: Kermit's Weight Pr|46/100 tox|[from] item: Leftovers
|-heal|p2a: Seismitoad|67/100|[from] item: Leftovers
|-damage|p1a: Kermit's Weight Pr|40/100 tox|[from] psn
|upkeep
|turn|16
|inactive|TheGhostlyBanshee has 30 seconds left.
|inactive|Sl33pyVGC has 120 seconds left.
|
|switch|p2a: Corviknight|Corviknight, F|100/100
|-ability|p2a: Corviknight|Pressure
|move|p1a: Kermit's Weight Pr|Toxic|p2a: Corviknight|[miss]
|-miss|p1a: Kermit's Weight Pr|p2a: Corviknight
|
|-heal|p1a: Kermit's Weight Pr|46/100 tox|[from] item: Leftovers
|-damage|p1a: Kermit's Weight Pr|34/100 tox|[from] psn
|upkeep
|turn|17
|inactive|TheGhostlyBanshee has 30 seconds left.
|
|switch|p1a: Pyro|Turtonator, F, shiny|27/100
|-damage|p1a: Pyro|2/100|[from] Stealth Rock
|move|p2a: Corviknight|Taunt|p1a: Pyro
|-start|p1a: Pyro|move: Taunt
|
|upkeep
|turn|18
|inactive|Sl33pyVGC has 120 seconds left.
|
|switch|p2a: Seismitoad|Seismitoad, F|67/100
|move|p1a: Pyro|Fire Blast|p2a: Seismitoad
|-resisted|p2a: Seismitoad
|-damage|p2a: Seismitoad|47/100
|
|-heal|p2a: Seismitoad|53/100|[from] item: Leftovers
|upkeep
|turn|19
|
|move|p2a: Seismitoad|Earthquake|p1a: Pyro
|-supereffective|p1a: Pyro
|-damage|p1a: Pyro|0 fnt
|faint|p1a: Pyro
|
|-heal|p2a: Seismitoad|59/100|[from] item: Leftovers
|upkeep
|
|switch|p1a: Personal Apology|Corsola-Galar, F, shiny|100/100
|-damage|p1a: Personal Apology|88/100|[from] Stealth Rock
|turn|20
|
|move|p2a: Seismitoad|Toxic|p1a: Personal Apology|[miss]
|-miss|p2a: Seismitoad|p1a: Personal Apology
|move|p1a: Personal Apology|Will-O-Wisp|p2a: Seismitoad
|-status|p2a: Seismitoad|brn
|
|-heal|p2a: Seismitoad|65/100 brn|[from] item: Leftovers
|-damage|p2a: Seismitoad|59/100 brn|[from] brn
|upkeep
|turn|21
|
|move|p2a: Seismitoad|Toxic|p1a: Personal Apology
|-status|p1a: Personal Apology|tox
|move|p1a: Personal Apology|Night Shade|p2a: Seismitoad
|-damage|p2a: Seismitoad|35/100 brn
|
|-heal|p2a: Seismitoad|41/100 brn|[from] item: Leftovers
|-damage|p2a: Seismitoad|35/100 brn|[from] brn
|-damage|p1a: Personal Apology|82/100 tox|[from] psn
|upkeep
|turn|22
|
|switch|p2a: Hydreigon|Hydreigon, F|100/100
|move|p1a: Personal Apology|Stealth Rock|p2a: Hydreigon
|-sidestart|p2: Sl33pyVGC|move: Stealth Rock
|
|-damage|p1a: Personal Apology|70/100 tox|[from] psn
|upkeep
|turn|23
|inactive|TheGhostlyBanshee has 60 seconds left.
|
|move|p2a: Hydreigon|Nasty Plot|p2a: Hydreigon
|-boost|p2a: Hydreigon|spa|2
|move|p1a: Personal Apology|Strength Sap|p2a: Hydreigon
|-unboost|p2a: Hydreigon|atk|1
|-heal|p1a: Personal Apology|100/100 tox
|
|-damage|p1a: Personal Apology|82/100 tox|[from] psn
|upkeep
|turn|24
|
|move|p2a: Hydreigon|Nasty Plot|p2a: Hydreigon
|-boost|p2a: Hydreigon|spa|2
|move|p1a: Personal Apology|Night Shade|p2a: Hydreigon
|-damage|p2a: Hydreigon|70/100
|
|-damage|p1a: Personal Apology|57/100 tox|[from] psn
|upkeep
|turn|25
|
|switch|p1a: Joe|Conkeldurr, M, shiny|100/100
|-damage|p1a: Joe|94/100|[from] Stealth Rock
|move|p2a: Hydreigon|Nasty Plot|p2a: Hydreigon
|-boost|p2a: Hydreigon|spa|2
|
|-status|p1a: Joe|brn|[from] item: Flame Orb
|upkeep
|turn|26
|
|move|p2a: Hydreigon|Draco Meteor|p1a: Joe
|-damage|p1a: Joe|0 fnt
|-unboost|p2a: Hydreigon|spa|2
|-damage|p2a: Hydreigon|60/100|[from] item: Life Orb
|faint|p1a: Joe
|
|upkeep
|
|switch|p1a: Elsa's Throne|Avalugg, F|100/100
|turn|27
|
|move|p2a: Hydreigon|Flash Cannon|p1a: Elsa's Throne
|-supereffective|p1a: Elsa's Throne
|-damage|p1a: Elsa's Throne|0 fnt
|-damage|p2a: Hydreigon|50/100|[from] item: Life Orb
|faint|p1a: Elsa's Throne
|
|upkeep
|
|switch|p1a: Kermit's Weight Pr|Seismitoad, M, shiny|34/100 tox
|-damage|p1a: Kermit's Weight Pr|28/100 tox|[from] Stealth Rock
|turn|28
|c|☆Sl33pyVGC|gg wp
|inactive|TheGhostlyBanshee has 90 seconds left.
|
|move|p1a: Kermit's Weight Pr|Protect|p1a: Kermit's Weight Pr
|-singleturn|p1a: Kermit's Weight Pr|Protect
|move|p2a: Hydreigon|Dark Pulse|p1a: Kermit's Weight Pr
|-activate|p1a: Kermit's Weight Pr|move: Protect
|
|-heal|p1a: Kermit's Weight Pr|34/100 tox|[from] item: Leftovers
|-damage|p1a: Kermit's Weight Pr|28/100 tox|[from] psn
|upkeep
|turn|29
|inactive|TheGhostlyBanshee has 90 seconds left.
|
|move|p2a: Hydreigon|Dark Pulse|p1a: Kermit's Weight Pr
|-damage|p1a: Kermit's Weight Pr|0 fnt
|-damage|p2a: Hydreigon|40/100|[from] item: Life Orb
|faint|p1a: Kermit's Weight Pr
|
|upkeep
|inactive|TheGhostlyBanshee has 90 seconds left.
|
|switch|p1a: Personal Apology|Corsola-Galar, F, shiny|57/100 tox
|-damage|p1a: Personal Apology|45/100 tox|[from] Stealth Rock
|turn|30
|
|move|p2a: Hydreigon|Draco Meteor|p1a: Personal Apology
|-damage|p1a: Personal Apology|0 fnt
|-unboost|p2a: Hydreigon|spa|2
|-damage|p2a: Hydreigon|30/100|[from] item: Life Orb
|faint|p1a: Personal Apology
|
|win|Sl33pyVGC
|c|☆TheGhostlyBanshee|gg
|raw|TheGhostlyBanshee's rating: 1080 → 1060(-20 for losing)
|raw|Sl33pyVGC's rating: 1114 → 1136(+22 for winning)
