|ScrapeTime|2020-01-02-02:04:57
|j|☆Sl33pyVGC
|j|☆the killa krook
|player|p1|Sl33pyVGC|180|1034
|player|p2|the killa krook|169|1051
|teamsize|p1|6
|teamsize|p2|6
|gametype|singles
|gen|8
|tier|[Gen 8] OU
|rated|
|rule|Sleep Clause Mod: Limit one foe put to sleep
|rule|Species Clause: Limit one of each Pokémon
|rule|OHKO Clause: OHKO moves are banned
|rule|Evasion Moves Clause: Evasion moves are banned
|rule|Endless Battle Clause: Forcing endless battles is banned
|rule|HP Percentage Mod: HP is shown in percentages
|clearpoke
|poke|p1|Hydreigon, M|
|poke|p1|Sylveon, F|
|poke|p1|Corviknight, F|
|poke|p1|Cinderace, F|
|poke|p1|Seismitoad, M|
|poke|p1|Rotom-Wash|
|poke|p2|Rotom-Wash|
|poke|p2|Obstagoon, F|
|poke|p2|Mew|
|poke|p2|Rhyperior, F|
|poke|p2|Cinderace, M|
|poke|p2|Togekiss, M|
|rule|Dynamax Clause: You cannot dynamax
|teampreview
|inactive|Battle timer is ON: inactive players will automatically lose when time's up. (requested by Sl33pyVGC)
|
|start
|switch|p1a: Seismitoad|Seismitoad, M|100/100
|switch|p2a: Mew|Mew|100/100
|turn|1
|
|move|p2a: Mew|Psychic|p1a: Seismitoad
|-damage|p1a: Seismitoad|66/100
|move|p1a: Seismitoad|Stealth Rock|p2a: Mew
|-sidestart|p2: the killa krook|move: Stealth Rock
|
|-heal|p1a: Seismitoad|72/100|[from] item: Leftovers
|upkeep
|turn|2
|inactive|the killa krook has 120 seconds left.
|
|switch|p1a: Hydreigon|Hydreigon, M|100/100
|move|p2a: Mew|Thunder Wave|p1a: Hydreigon
|-status|p1a: Hydreigon|par
|
|upkeep
|turn|3
|inactive|the killa krook has 120 seconds left.
|
|switch|p2a: Rotom|Rotom-Wash|100/100
|-damage|p2a: Rotom|88/100|[from] Stealth Rock
|move|p1a: Hydreigon|Nasty Plot|p1a: Hydreigon
|-boost|p1a: Hydreigon|spa|2
|
|upkeep
|turn|4
|
|switch|p2a: Togekiss|Togekiss, M|100/100
|-damage|p2a: Togekiss|76/100|[from] Stealth Rock
|move|p1a: Hydreigon|Dark Pulse|p2a: Togekiss
|-resisted|p2a: Togekiss
|-damage|p2a: Togekiss|22/100
|-damage|p1a: Hydreigon|91/100 par|[from] item: Life Orb
|
|upkeep
|turn|5
|inactive|the killa krook has 120 seconds left.
|
|move|p2a: Togekiss|Dazzling Gleam|p1a: Hydreigon
|-supereffective|p1a: Hydreigon
|-damage|p1a: Hydreigon|0 fnt
|faint|p1a: Hydreigon
|
|upkeep
|
|switch|p1a: Corviknight|Corviknight, F|100/100
|-ability|p1a: Corviknight|Pressure
|turn|6
|
|switch|p2a: Cinderace|Cinderace, M|100/100
|move|p1a: Corviknight|Iron Head|p2a: Cinderace
|-resisted|p2a: Cinderace
|-damage|p2a: Cinderace|85/100
|
|upkeep
|turn|7
|
|switch|p1a: Cinderace|Cinderace, F|100/100
|move|p2a: Cinderace|Court Change|p2a: Cinderace
|-sideend|p2: the killa krook|Stealth Rock|[silent]
|-sidestart|p1: Sl33pyVGC|Stealth Rock|[silent]
|-activate|p2a: Cinderace|move: Court Change
|
|upkeep
|turn|8
|
|move|p1a: Cinderace|Court Change|p1a: Cinderace
|-sideend|p1: Sl33pyVGC|Stealth Rock|[silent]
|-sidestart|p2: the killa krook|Stealth Rock|[silent]
|-activate|p1a: Cinderace|move: Court Change
|move|p2a: Cinderace|Taunt|p1a: Cinderace
|-start|p1a: Cinderace|move: Taunt
|
|upkeep
|turn|9
|
|move|p1a: Cinderace|High Jump Kick|p2a: Cinderace
|-damage|p2a: Cinderace|33/100
|move|p2a: Cinderace|Court Change|p2a: Cinderace
|-sideend|p2: the killa krook|Stealth Rock|[silent]
|-sidestart|p1: Sl33pyVGC|Stealth Rock|[silent]
|-activate|p2a: Cinderace|move: Court Change
|
|upkeep
|turn|10
|
|switch|p2a: Rotom|Rotom-Wash|88/100
|move|p1a: Cinderace|Pyro Ball|p2a: Rotom
|-resisted|p2a: Rotom
|-damage|p2a: Rotom|52/100
|
|upkeep
|turn|11
|
|switch|p1a: Rotom|Rotom-Wash|100/100
|-damage|p1a: Rotom|88/100|[from] Stealth Rock
|move|p2a: Rotom|Hydro Pump|p1a: Rotom|[miss]
|-miss|p2a: Rotom|p1a: Rotom
|
|upkeep
|turn|12
|
|switch|p2a: Mew|Mew|100/100
|move|p1a: Rotom|Trick|p2a: Mew
|-activate|p1a: Rotom|move: Trick|[of] p2a: Mew
|-item|p2a: Mew|Choice Scarf|[from] move: Trick
|-item|p1a: Rotom|Leftovers|[from] move: Trick
|
|-heal|p1a: Rotom|94/100|[from] item: Leftovers
|upkeep
|turn|13
|
|switch|p1a: Corviknight|Corviknight, F|100/100
|-damage|p1a: Corviknight|88/100|[from] Stealth Rock
|-ability|p1a: Corviknight|Pressure
|move|p2a: Mew|Psychic|p1a: Corviknight
|-resisted|p1a: Corviknight
|-damage|p1a: Corviknight|77/100
|
|-heal|p1a: Corviknight|84/100|[from] item: Leftovers
|upkeep
|turn|14
|
|switch|p2a: Rotom|Rotom-Wash|52/100
|move|p1a: Corviknight|Taunt|p2a: Rotom
|-start|p2a: Rotom|move: Taunt
|
|-heal|p1a: Corviknight|90/100|[from] item: Leftovers
|upkeep
|turn|15
|
|switch|p2a: Obstagoon|Obstagoon, F|100/100
|switch|p1a: Seismitoad|Seismitoad, M|72/100
|-damage|p1a: Seismitoad|66/100|[from] Stealth Rock
|
|-heal|p1a: Seismitoad|72/100|[from] item: Leftovers
|-status|p2a: Obstagoon|brn|[from] item: Flame Orb
|upkeep
|turn|16
|inactive|Sl33pyVGC has 120 seconds left.
|inactive|Sl33pyVGC has 90 seconds left.
|
|move|p2a: Obstagoon|Facade|p1a: Seismitoad
|-damage|p1a: Seismitoad|7/100
|move|p1a: Seismitoad|Scald|p2a: Obstagoon
|-damage|p2a: Obstagoon|72/100 brn
|
|-heal|p1a: Seismitoad|13/100|[from] item: Leftovers
|-damage|p2a: Obstagoon|66/100 brn|[from] brn
|upkeep
|turn|17
|
|move|p2a: Obstagoon|Facade|p1a: Seismitoad
|-damage|p1a: Seismitoad|0 fnt
|faint|p1a: Seismitoad
|
|-damage|p2a: Obstagoon|60/100 brn|[from] brn
|upkeep
|
|switch|p1a: Sylveon|Sylveon, F|100/100
|-damage|p1a: Sylveon|88/100|[from] Stealth Rock
|turn|18
|
|switch|p2a: Mew|Mew|100/100
|move|p1a: Sylveon|Hyper Voice|p2a: Mew
|-damage|p2a: Mew|65/100
|
|-heal|p1a: Sylveon|94/100|[from] item: Leftovers
|upkeep
|turn|19
|
|switch|p1a: Corviknight|Corviknight, F|90/100
|-damage|p1a: Corviknight|77/100|[from] Stealth Rock
|-ability|p1a: Corviknight|Pressure
|move|p2a: Mew|Thunder Wave|p1a: Corviknight
|-status|p1a: Corviknight|par
|
|-heal|p1a: Corviknight|84/100 par|[from] item: Leftovers
|upkeep
|turn|20
|
|switch|p2a: Rotom|Rotom-Wash|52/100
|move|p1a: Corviknight|Iron Head|p2a: Rotom
|-resisted|p2a: Rotom
|-damage|p2a: Rotom|44/100
|
|-heal|p1a: Corviknight|90/100 par|[from] item: Leftovers
|upkeep
|turn|21
|
|switch|p1a: Rotom|Rotom-Wash|94/100
|-damage|p1a: Rotom|82/100|[from] Stealth Rock
|move|p2a: Rotom|Thunderbolt|p1a: Rotom
|-damage|p1a: Rotom|35/100
|
|-heal|p1a: Rotom|41/100|[from] item: Leftovers
|upkeep
|turn|22
|inactive|Sl33pyVGC has 120 seconds left.
|
|move|p2a: Rotom|Thunderbolt|p1a: Rotom
|-damage|p1a: Rotom|0 fnt
|faint|p1a: Rotom
|
|upkeep
|
|switch|p1a: Cinderace|Cinderace, F|100/100
|turn|23
|
|switch|p2a: Mew|Mew|65/100
|move|p1a: Cinderace|High Jump Kick|p2a: Mew
|-resisted|p2a: Mew
|-damage|p2a: Mew|48/100
|
|upkeep
|turn|24
|
|move|p2a: Mew|Thunderbolt|p1a: Cinderace
|-damage|p1a: Cinderace|69/100
|move|p1a: Cinderace|Pyro Ball|p2a: Mew
|-damage|p2a: Mew|0 fnt
|faint|p2a: Mew
|
|upkeep
|
|switch|p2a: Rhyperior|Rhyperior, F|100/100
|turn|25
|
|move|p1a: Cinderace|Court Change|p1a: Cinderace
|-sideend|p1: Sl33pyVGC|Stealth Rock|[silent]
|-sidestart|p2: the killa krook|Stealth Rock|[silent]
|-activate|p1a: Cinderace|move: Court Change
|move|p2a: Rhyperior|Earthquake|p1a: Cinderace
|-supereffective|p1a: Cinderace
|-damage|p1a: Cinderace|0 fnt
|faint|p1a: Cinderace
|
|upkeep
|
|switch|p1a: Sylveon|Sylveon, F|94/100
|turn|26
|
|move|p2a: Rhyperior|Earthquake|p1a: Sylveon
|-crit|p1a: Sylveon
|-damage|p1a: Sylveon|8/100
|move|p1a: Sylveon|Hyper Voice|p2a: Rhyperior
|-damage|p2a: Rhyperior|42/100
|
|-heal|p1a: Sylveon|14/100|[from] item: Leftovers
|upkeep
|turn|27
|
|move|p1a: Sylveon|Protect|p1a: Sylveon
|-singleturn|p1a: Sylveon|Protect
|move|p2a: Rhyperior|Fire Punch|p1a: Sylveon
|-activate|p1a: Sylveon|move: Protect
|
|-heal|p1a: Sylveon|20/100|[from] item: Leftovers
|upkeep
|turn|28
|
|switch|p1a: Corviknight|Corviknight, F|90/100 par
|-ability|p1a: Corviknight|Pressure
|move|p2a: Rhyperior|Fire Punch|p1a: Corviknight
|-supereffective|p1a: Corviknight
|-damage|p1a: Corviknight|38/100 par
|
|-heal|p1a: Corviknight|45/100 par|[from] item: Leftovers
|upkeep
|turn|29
|-message|Sl33pyVGC forfeited.
|
|win|the killa krook
|l|☆Sl33pyVGC
|raw|Sl33pyVGC's rating: 1034 → 1021(-13 for losing)
|raw|the killa krook's rating: 1085 → 1108(+23 for winning)
|c|☆the killa krook|gg
|l|☆the killa krook
|j|☆the killa krook
|player|p2|the killa krook|169
