|ScrapeTime|2020-01-01-12:25:48
|j|☆nborges
|j|☆eryftsrtuvwvb
|player|p1|nborges|preschooler|1277
|player|p2|eryftsrtuvwvb|marshal|1250
|teamsize|p1|6
|teamsize|p2|6
|gametype|singles
|gen|8
|tier|[Gen 8] OU
|rated|
|rule|Sleep Clause Mod: Limit one foe put to sleep
|rule|Species Clause: Limit one of each Pokémon
|rule|OHKO Clause: OHKO moves are banned
|rule|Evasion Moves Clause: Evasion moves are banned
|rule|Endless Battle Clause: Forcing endless battles is banned
|rule|HP Percentage Mod: HP is shown in percentages
|clearpoke
|poke|p1|Sylveon, M|
|poke|p1|Rotom-Heat|
|poke|p1|Dragapult, M|
|poke|p1|Barraskewda, F|
|poke|p1|Seismitoad, F|
|poke|p1|Eiscue, F|
|poke|p2|Dragapult, F|
|poke|p2|Ferrothorn, F|
|poke|p2|Corviknight, F|
|poke|p2|Seismitoad, M|
|poke|p2|Toxapex, M|
|poke|p2|Sylveon, M|
|rule|Dynamax Clause: You cannot dynamax
|teampreview
|
|start
|switch|p1a: Seismitoad|Seismitoad, F|100/100
|switch|p2a: Dragapult|Dragapult, F|100/100
|turn|1
|
|move|p2a: Dragapult|Shadow Ball|p1a: Seismitoad
|-damage|p1a: Seismitoad|56/100
|move|p1a: Seismitoad|Stealth Rock|p2a: Dragapult
|-sidestart|p2: eryftsrtuvwvb|move: Stealth Rock
|
|-heal|p1a: Seismitoad|62/100|[from] item: Leftovers
|upkeep
|turn|2
|
|switch|p1a: Sylveon|Sylveon, M|100/100
|move|p2a: Dragapult|Shadow Ball|p1a: Sylveon
|-damage|p1a: Sylveon|64/100
|
|-heal|p1a: Sylveon|70/100|[from] item: Leftovers
|upkeep
|turn|3
|
|switch|p2a: Corviknight|Corviknight, F, shiny|100/100
|-damage|p2a: Corviknight|88/100|[from] Stealth Rock
|-ability|p2a: Corviknight|Pressure
|move|p1a: Sylveon|Wish|p1a: Sylveon
|
|-heal|p2a: Corviknight|94/100|[from] item: Leftovers
|-heal|p1a: Sylveon|76/100|[from] item: Leftovers
|upkeep
|turn|4
|
|switch|p1a: Rotom|Rotom-Heat, shiny|100/100
|move|p2a: Corviknight|Iron Head|p1a: Rotom
|-resisted|p1a: Rotom
|-damage|p1a: Rotom|96/100
|
|-heal|p1a: Rotom|100/100|[from] move: Wish|[wisher] Sylveon
|-heal|p2a: Corviknight|100/100|[from] item: Leftovers
|upkeep
|turn|5
|
|switch|p2a: Seismitoad|Seismitoad, M, shiny|100/100
|-damage|p2a: Seismitoad|94/100|[from] Stealth Rock
|move|p1a: Rotom|Will-O-Wisp|p2a: Seismitoad
|-status|p2a: Seismitoad|brn
|
|-heal|p2a: Seismitoad|100/100 brn|[from] item: Leftovers
|-damage|p2a: Seismitoad|94/100 brn|[from] brn
|upkeep
|turn|6
|
|switch|p1a: Seismitoad|Seismitoad, F|62/100
|move|p2a: Seismitoad|Toxic|p1a: Seismitoad
|-status|p1a: Seismitoad|tox
|
|-heal|p2a: Seismitoad|100/100 brn|[from] item: Leftovers
|-heal|p1a: Seismitoad|68/100 tox|[from] item: Leftovers
|-damage|p2a: Seismitoad|94/100 brn|[from] brn
|-damage|p1a: Seismitoad|62/100 tox|[from] psn
|upkeep
|turn|7
|
|switch|p1a: Sylveon|Sylveon, M|76/100
|switch|p2a: Corviknight|Corviknight, F, shiny|100/100
|-damage|p2a: Corviknight|88/100|[from] Stealth Rock
|-ability|p2a: Corviknight|Pressure
|
|-heal|p2a: Corviknight|94/100|[from] item: Leftovers
|-heal|p1a: Sylveon|82/100|[from] item: Leftovers
|upkeep
|turn|8
|
|switch|p1a: Dragapult|Dragapult, M|100/100
|move|p2a: Corviknight|Defog|p1a: Dragapult
|-unboost|p1a: Dragapult|evasion|1
|-sideend|p2: eryftsrtuvwvb|Stealth Rock|[from] move: Defog|[of] p2a: Corviknight
|
|-heal|p2a: Corviknight|100/100|[from] item: Leftovers
|upkeep
|turn|9
|
|switch|p2a: Sylveon|Sylveon, M, shiny|100/100
|move|p1a: Dragapult|Shadow Ball|p2a: Sylveon
|-damage|p2a: Sylveon|66/100
|
|upkeep
|turn|10
|
|switch|p1a: Rotom|Rotom-Heat, shiny|100/100
|move|p2a: Sylveon|Hyper Voice|p1a: Rotom
|-resisted|p1a: Rotom
|-damage|p1a: Rotom|71/100
|
|upkeep
|turn|11
|
|switch|p2a: Seismitoad|Seismitoad, M, shiny|94/100 brn
|move|p1a: Rotom|Volt Switch|p2a: Seismitoad
|-immune|p2a: Seismitoad
|
|-heal|p2a: Seismitoad|100/100 brn|[from] item: Leftovers
|-damage|p2a: Seismitoad|94/100 brn|[from] brn
|upkeep
|turn|12
|
|switch|p1a: Seismitoad|Seismitoad, F|62/100 tox
|move|p2a: Seismitoad|Poison Jab|p1a: Seismitoad
|-resisted|p1a: Seismitoad
|-damage|p1a: Seismitoad|59/100 tox
|
|-heal|p2a: Seismitoad|100/100 brn|[from] item: Leftovers
|-heal|p1a: Seismitoad|65/100 tox|[from] item: Leftovers
|-damage|p2a: Seismitoad|94/100 brn|[from] brn
|-damage|p1a: Seismitoad|59/100 tox|[from] psn
|upkeep
|turn|13
|
|switch|p2a: Ferrothorn|Ferrothorn, F, shiny|100/100
|move|p1a: Seismitoad|Drain Punch|p2a: Ferrothorn
|-supereffective|p2a: Ferrothorn
|-damage|p2a: Ferrothorn|81/100
|-heal|p1a: Seismitoad|67/100 tox|[from] drain|[of] p2a: Ferrothorn
|-damage|p1a: Seismitoad|55/100 tox|[from] ability: Iron Barbs|[of] p2a: Ferrothorn
|
|-heal|p1a: Seismitoad|61/100 tox|[from] item: Leftovers
|-heal|p2a: Ferrothorn|87/100|[from] item: Leftovers
|-damage|p1a: Seismitoad|49/100 tox|[from] psn
|upkeep
|turn|14
|
|switch|p1a: Rotom|Rotom-Heat, shiny|71/100
|move|p2a: Ferrothorn|Stealth Rock|p1a: Rotom
|-sidestart|p1: nborges|move: Stealth Rock
|
|-heal|p2a: Ferrothorn|94/100|[from] item: Leftovers
|upkeep
|turn|15
|
|switch|p2a: Seismitoad|Seismitoad, M, shiny|94/100 brn
|move|p1a: Rotom|Hex|p2a: Seismitoad
|-damage|p2a: Seismitoad|59/100 brn
|
|-heal|p2a: Seismitoad|65/100 brn|[from] item: Leftovers
|-damage|p2a: Seismitoad|59/100 brn|[from] brn
|upkeep
|turn|16
|
|switch|p1a: Seismitoad|Seismitoad, F|49/100 tox
|-damage|p1a: Seismitoad|43/100 tox|[from] Stealth Rock
|switch|p2a: Dragapult|Dragapult, F|100/100
|
|-heal|p1a: Seismitoad|49/100 tox|[from] item: Leftovers
|-damage|p1a: Seismitoad|43/100 tox|[from] psn
|upkeep
|turn|17
|
|move|p2a: Dragapult|Shadow Ball|p1a: Seismitoad
|-damage|p1a: Seismitoad|0 fnt
|faint|p1a: Seismitoad
|
|upkeep
|
|switch|p1a: Sylveon|Sylveon, M|82/100
|-damage|p1a: Sylveon|70/100|[from] Stealth Rock
|turn|18
|
|switch|p2a: Ferrothorn|Ferrothorn, F, shiny|94/100
|move|p1a: Sylveon|Wish|p1a: Sylveon
|
|-heal|p1a: Sylveon|76/100|[from] item: Leftovers
|-heal|p2a: Ferrothorn|99/100|[from] item: Leftovers
|upkeep
|turn|19
|
|switch|p1a: Rotom|Rotom-Heat, shiny|71/100
|move|p2a: Ferrothorn|Gyro Ball|p1a: Rotom
|-resisted|p1a: Rotom
|-damage|p1a: Rotom|63/100
|
|-heal|p1a: Rotom|100/100|[from] move: Wish|[wisher] Sylveon
|-heal|p2a: Ferrothorn|100/100|[from] item: Leftovers
|upkeep
|turn|20
|
|switch|p2a: Seismitoad|Seismitoad, M, shiny|59/100 brn
|move|p1a: Rotom|Hex|p2a: Seismitoad
|-damage|p2a: Seismitoad|27/100 brn
|
|-heal|p2a: Seismitoad|33/100 brn|[from] item: Leftovers
|-damage|p2a: Seismitoad|27/100 brn|[from] brn
|upkeep
|turn|21
|
|switch|p2a: Dragapult|Dragapult, F|100/100
|move|p1a: Rotom|Hex|p2a: Dragapult
|-supereffective|p2a: Dragapult
|-damage|p2a: Dragapult|58/100
|
|upkeep
|turn|22
|
|move|p2a: Dragapult|Shadow Ball|p1a: Rotom
|-damage|p1a: Rotom|51/100
|move|p1a: Rotom|Hex|p2a: Dragapult
|-supereffective|p2a: Dragapult
|-damage|p2a: Dragapult|18/100
|
|upkeep
|turn|23
|
|switch|p1a: Sylveon|Sylveon, M|76/100
|-damage|p1a: Sylveon|63/100|[from] Stealth Rock
|move|p2a: Dragapult|Shadow Ball|p1a: Sylveon
|-damage|p1a: Sylveon|24/100
|
|-heal|p1a: Sylveon|30/100|[from] item: Leftovers
|upkeep
|turn|24
|
|switch|p2a: Sylveon|Sylveon, M, shiny|66/100
|move|p1a: Sylveon|Protect||[still]
|-fail|p1a: Sylveon
|
|-heal|p1a: Sylveon|37/100|[from] item: Leftovers
|upkeep
|turn|25
|
|move|p2a: Sylveon|Hyper Voice|p1a: Sylveon
|-damage|p1a: Sylveon|0 fnt
|faint|p1a: Sylveon
|
|upkeep
|
|switch|p1a: Dragapult|Dragapult, M|100/100
|-damage|p1a: Dragapult|88/100|[from] Stealth Rock
|turn|26
|
|move|p1a: Dragapult|Shadow Ball|p2a: Sylveon
|-damage|p2a: Sylveon|28/100
|move|p2a: Sylveon|Hyper Voice|p1a: Dragapult
|-supereffective|p1a: Dragapult
|-damage|p1a: Dragapult|0 fnt
|faint|p1a: Dragapult
|
|upkeep
|
|switch|p1a: Barraskewda|Barraskewda, F|100/100
|-damage|p1a: Barraskewda|88/100|[from] Stealth Rock
|turn|27
|
|switch|p2a: Seismitoad|Seismitoad, M, shiny|27/100 brn
|move|p1a: Barraskewda|Crunch|p2a: Seismitoad
|-damage|p2a: Seismitoad|0 fnt
|-damage|p1a: Barraskewda|78/100|[from] item: Life Orb
|faint|p2a: Seismitoad
|
|upkeep
|
|switch|p2a: Ferrothorn|Ferrothorn, F, shiny|100/100
|turn|28
|
|move|p1a: Barraskewda|Close Combat|p2a: Ferrothorn
|-supereffective|p2a: Ferrothorn
|-damage|p2a: Ferrothorn|29/100
|-damage|p1a: Barraskewda|66/100|[from] ability: Iron Barbs|[of] p2a: Ferrothorn
|-unboost|p1a: Barraskewda|def|1
|-unboost|p1a: Barraskewda|spd|1
|-damage|p1a: Barraskewda|56/100|[from] item: Life Orb
|move|p2a: Ferrothorn|Gyro Ball|p1a: Barraskewda
|-resisted|p1a: Barraskewda
|-damage|p1a: Barraskewda|0 fnt
|faint|p1a: Barraskewda
|
|-heal|p2a: Ferrothorn|36/100|[from] item: Leftovers
|upkeep
|
|switch|p1a: Eiscue|Eiscue, F|100/100
|-damage|p1a: Eiscue|75/100|[from] Stealth Rock
|turn|29
|
|move|p1a: Eiscue|Belly Drum|p1a: Eiscue
|-damage|p1a: Eiscue|25/100
|-setboost|p1a: Eiscue|atk|6|[from] move: Belly Drum
|-enditem|p1a: Eiscue|Salac Berry|[eat]
|-boost|p1a: Eiscue|spe|1
|move|p2a: Ferrothorn|Gyro Ball|p1a: Eiscue
|-activate|p1a: Eiscue|ability: Ice Face
|-damage|p1a: Eiscue|25/100
|detailschange|p1a: Eiscue|Eiscue-Noice, F
|
|-heal|p2a: Ferrothorn|42/100|[from] item: Leftovers
|upkeep
|turn|30
|
|switch|p2a: Toxapex|Toxapex, M, shiny|100/100
|move|p1a: Eiscue|Icicle Crash|p2a: Toxapex
|-resisted|p2a: Toxapex
|-damage|p2a: Toxapex|54/100
|
|-heal|p2a: Toxapex|61/100|[from] item: Black Sludge
|upkeep
|turn|31
|
|move|p1a: Eiscue|Zen Headbutt|p2a: Toxapex
|-supereffective|p2a: Toxapex
|-damage|p2a: Toxapex|0 fnt
|faint|p2a: Toxapex
|
|upkeep
|
|switch|p2a: Dragapult|Dragapult, F|18/100
|turn|32
|
|move|p1a: Eiscue|Icicle Crash|p2a: Dragapult
|-supereffective|p2a: Dragapult
|-damage|p2a: Dragapult|0 fnt
|faint|p2a: Dragapult
|
|upkeep
|
|switch|p2a: Sylveon|Sylveon, M, shiny|28/100
|turn|33
|
|move|p2a: Sylveon|Quick Attack|p1a: Eiscue
|-damage|p1a: Eiscue|6/100
|move|p1a: Eiscue|Icicle Crash|p2a: Sylveon
|-damage|p2a: Sylveon|0 fnt
|faint|p2a: Sylveon
|
|upkeep
|
|switch|p2a: Corviknight|Corviknight, F, shiny|100/100
|-ability|p2a: Corviknight|Pressure
|turn|34
|
|move|p1a: Eiscue|Icicle Crash|p2a: Corviknight
|-damage|p2a: Corviknight|3/100
|move|p2a: Corviknight|Iron Head|p1a: Eiscue
|-supereffective|p1a: Eiscue
|-damage|p1a: Eiscue|0 fnt
|faint|p1a: Eiscue
|
|-heal|p2a: Corviknight|10/100|[from] item: Leftovers
|upkeep
|
|switch|p1a: Rotom|Rotom-Heat, shiny|51/100
|turn|35
|
|move|p1a: Rotom|Volt Switch|p2a: Corviknight
|-supereffective|p2a: Corviknight
|-damage|p2a: Corviknight|0 fnt
|faint|p2a: Corviknight
|
|upkeep
|
|switch|p2a: Ferrothorn|Ferrothorn, F, shiny|42/100
|turn|36
|
|move|p2a: Ferrothorn|Protect|p2a: Ferrothorn
|-singleturn|p2a: Ferrothorn|Protect
|move|p1a: Rotom|Overheat|p2a: Ferrothorn
|-activate|p2a: Ferrothorn|move: Protect
|
|-heal|p2a: Ferrothorn|48/100|[from] item: Leftovers
|upkeep
|turn|37
|
|move|p1a: Rotom|Overheat|p2a: Ferrothorn|[miss]
|-miss|p1a: Rotom|p2a: Ferrothorn
|move|p2a: Ferrothorn|Leech Seed|p1a: Rotom
|-start|p1a: Rotom|move: Leech Seed
|
|-heal|p2a: Ferrothorn|54/100|[from] item: Leftovers
|-damage|p1a: Rotom|38/100|[from] Leech Seed|[of] p2a: Ferrothorn
|-heal|p2a: Ferrothorn|65/100|[silent]
|upkeep
|turn|38
|
|move|p2a: Ferrothorn|Protect|p2a: Ferrothorn
|-singleturn|p2a: Ferrothorn|Protect
|move|p1a: Rotom|Overheat|p2a: Ferrothorn
|-activate|p2a: Ferrothorn|move: Protect
|
|-heal|p2a: Ferrothorn|72/100|[from] item: Leftovers
|-damage|p1a: Rotom|26/100|[from] Leech Seed|[of] p2a: Ferrothorn
|-heal|p2a: Ferrothorn|82/100|[silent]
|upkeep
|turn|39
|
|move|p1a: Rotom|Overheat|p2a: Ferrothorn
|-supereffective|p2a: Ferrothorn
|-crit|p2a: Ferrothorn
|-damage|p2a: Ferrothorn|0 fnt
|-unboost|p1a: Rotom|spa|2
|faint|p2a: Ferrothorn
|
|win|nborges
|raw|nborges's rating: 1277 → 1300(+23 for winning)
|raw|eryftsrtuvwvb's rating: 1250 → 1227(-23 for losing)
