|ScrapeTime|2020-01-02-01:32:24
|j|☆Kyon~Desterrado*
|j|☆CentralDoggMa
|player|p1|Kyon~Desterrado*|161|1600
|player|p2|CentralDoggMa|164|1629
|teamsize|p1|6
|teamsize|p2|6
|gametype|singles
|gen|8
|tier|[Gen 8] OU
|rated|
|rule|Sleep Clause Mod: Limit one foe put to sleep
|rule|Species Clause: Limit one of each Pokémon
|rule|OHKO Clause: OHKO moves are banned
|rule|Evasion Moves Clause: Evasion moves are banned
|rule|Endless Battle Clause: Forcing endless battles is banned
|rule|HP Percentage Mod: HP is shown in percentages
|clearpoke
|poke|p1|Aegislash, M|
|poke|p1|Crawdaunt, F|
|poke|p1|Mew|
|poke|p1|Lucario, F|
|poke|p1|Bisharp, F|
|poke|p1|Dragapult, M|
|poke|p2|Tyranitar, M|
|poke|p2|Excadrill, F|
|poke|p2|Hydreigon, M|
|poke|p2|Dragapult, M|
|poke|p2|Toxapex, M|
|poke|p2|Corsola-Galar, F|
|rule|Dynamax Clause: You cannot dynamax
|teampreview
|j| Gakki520
|j| Greekgeekmaster
|l| Greekgeekmaster
|
|start
|switch|p1a: Mew|Mew|100/100
|switch|p2a: blap blap|Dragapult, M|100/100
|turn|1
|
|move|p2a: blap blap|Shadow Ball|p1a: Mew
|-supereffective|p1a: Mew
|-damage|p1a: Mew|7/100
|-unboost|p1a: Mew|spd|1
|move|p1a: Mew|Spikes|p2a: blap blap
|-sidestart|p2: CentralDoggMa|Spikes
|
|upkeep
|turn|2
|
|move|p2a: blap blap|Shadow Ball|p1a: Mew
|-supereffective|p1a: Mew
|-damage|p1a: Mew|0 fnt
|faint|p1a: Mew
|
|upkeep
|
|switch|p1a: Bisharp|Bisharp, F|100/100
|turn|3
|
|switch|p2a: Hydreigon|Hydreigon, M|100/100
|move|p1a: Bisharp|Iron Head|p2a: Hydreigon
|-damage|p2a: Hydreigon|38/100
|-damage|p1a: Bisharp|91/100|[from] item: Life Orb
|
|upkeep
|turn|4
|
|switch|p1a: Dragapult|Dragapult, M|100/100
|move|p2a: Hydreigon|Flamethrower|p1a: Dragapult
|-resisted|p1a: Dragapult
|-damage|p1a: Dragapult|78/100
|
|-heal|p1a: Dragapult|84/100|[from] item: Leftovers
|upkeep
|turn|5
|
|switch|p2a: Reptar|Tyranitar, M|100/100
|-damage|p2a: Reptar|88/100|[from] Spikes
|-weather|Sandstorm|[from] ability: Sand Stream|[of] p2a: Reptar
|switch|p1a: Crawdaunt|Crawdaunt, F|100/100
|
|-weather|Sandstorm|[upkeep]
|-damage|p1a: Crawdaunt|95/100|[from] Sandstorm
|upkeep
|turn|6
|
|move|p1a: Crawdaunt|Crabhammer|p2a: Reptar
|-supereffective|p2a: Reptar
|-damage|p2a: Reptar|0 fnt
|-damage|p1a: Crawdaunt|85/100|[from] item: Life Orb
|faint|p2a: Reptar
|
|-weather|Sandstorm|[upkeep]
|-damage|p1a: Crawdaunt|79/100|[from] Sandstorm
|upkeep
|
|switch|p2a: blap blap|Dragapult, M|100/100
|-damage|p2a: blap blap|88/100|[from] Spikes
|turn|7
|
|move|p1a: Crawdaunt|Aqua Jet|p2a: blap blap
|-resisted|p2a: blap blap
|-crit|p2a: blap blap
|-damage|p2a: blap blap|52/100
|-damage|p1a: Crawdaunt|69/100|[from] item: Life Orb
|move|p2a: blap blap|U-turn|p1a: Crawdaunt
|-supereffective|p1a: Crawdaunt
|-damage|p1a: Crawdaunt|15/100
|
|switch|p2a: guaca|Excadrill, F|100/100|[from]move: U-turn
|-damage|p2a: guaca|88/100|[from] Spikes
|
|-weather|Sandstorm|[upkeep]
|-damage|p1a: Crawdaunt|9/100|[from] Sandstorm
|upkeep
|turn|8
|
|switch|p2a: Rik|Toxapex, M|100/100
|-damage|p2a: Rik|88/100|[from] Spikes
|move|p1a: Crawdaunt|Knock Off|p2a: Rik
|-damage|p2a: Rik|34/100
|-enditem|p2a: Rik|Black Sludge|[from] move: Knock Off|[of] p1a: Crawdaunt
|-damage|p1a: Crawdaunt|0 fnt|[from] item: Life Orb
|faint|p1a: Crawdaunt
|
|-weather|Sandstorm|[upkeep]
|-damage|p2a: Rik|28/100|[from] Sandstorm
|upkeep
|j| Gyorg Costanza
|l| Gyorg Costanza
|inactive|Battle timer is ON: inactive players will automatically lose when time's up. (requested by CentralDoggMa)
|
|switch|p1a: Lucario|Lucario, F|100/100
|turn|9
|
|switch|p2a: CORAL!!!|Corsola-Galar, F|100/100
|-damage|p2a: CORAL!!!|88/100|[from] Spikes
|move|p1a: Lucario|Swords Dance|p1a: Lucario
|-boost|p1a: Lucario|atk|2
|
|-weather|none
|upkeep
|turn|10
|
|move|p1a: Lucario|Earthquake|p2a: CORAL!!!
|-crit|p2a: CORAL!!!
|-damage|p2a: CORAL!!!|2/100
|-damage|p1a: Lucario|91/100|[from] item: Life Orb
|move|p2a: CORAL!!!|Strength Sap|p1a: Lucario
|-unboost|p1a: Lucario|atk|1
|-heal|p2a: CORAL!!!|100/100
|
|upkeep
|turn|11
|
|switch|p1a: Bisharp|Bisharp, F|91/100
|move|p2a: CORAL!!!|Will-O-Wisp|p1a: Bisharp
|-status|p1a: Bisharp|brn
|
|-damage|p1a: Bisharp|85/100 brn|[from] brn
|upkeep
|turn|12
|
|switch|p2a: guaca|Excadrill, F|88/100
|-damage|p2a: guaca|76/100|[from] Spikes
|move|p1a: Bisharp|Swords Dance|p1a: Bisharp
|-boost|p1a: Bisharp|atk|2
|
|-damage|p1a: Bisharp|79/100 brn|[from] brn
|upkeep
|turn|13
|
|move|p1a: Bisharp|Sucker Punch|p2a: guaca
|-damage|p2a: guaca|12/100
|-damage|p1a: Bisharp|69/100 brn|[from] item: Life Orb
|move|p2a: guaca|Rapid Spin|p1a: Bisharp
|-resisted|p1a: Bisharp
|-damage|p1a: Bisharp|53/100 brn
|-sideend|p2: CentralDoggMa|Spikes|[from] move: Rapid Spin|[of] p2a: guaca
|-boost|p2a: guaca|spe|1
|-damage|p2a: guaca|2/100|[from] item: Life Orb
|
|-damage|p1a: Bisharp|47/100 brn|[from] brn
|upkeep
|turn|14
|
|move|p1a: Bisharp|Sucker Punch||[still]
|-fail|p1a: Bisharp
|move|p2a: guaca|Swords Dance|p2a: guaca
|-boost|p2a: guaca|atk|2
|
|-damage|p1a: Bisharp|41/100 brn|[from] brn
|upkeep
|turn|15
|
|move|p1a: Bisharp|Sucker Punch|p2a: guaca
|-damage|p2a: guaca|0 fnt
|-damage|p1a: Bisharp|31/100 brn|[from] item: Life Orb
|faint|p2a: guaca
|
|-damage|p1a: Bisharp|25/100 brn|[from] brn
|upkeep
|
|switch|p2a: Rik|Toxapex, M|61/100
|turn|16
|
|move|p1a: Bisharp|Throat Chop|p2a: Rik
|-damage|p2a: Rik|28/100
|-start|p2a: Rik|Throat Chop|[silent]
|-damage|p1a: Bisharp|15/100 brn|[from] item: Life Orb
|move|p2a: Rik|Recover|p2a: Rik
|-heal|p2a: Rik|78/100
|
|-damage|p1a: Bisharp|9/100 brn|[from] brn
|upkeep
|turn|17
|
|move|p1a: Bisharp|Throat Chop|p2a: Rik
|-damage|p2a: Rik|46/100
|-damage|p1a: Bisharp|0 fnt|[from] item: Life Orb
|faint|p1a: Bisharp
|move|p2a: Rik|Recover|p2a: Rik
|-heal|p2a: Rik|96/100
|
|-end|p2a: Rik|Throat Chop|[silent]
|upkeep
|
|switch|p1a: Lucario|Lucario, F|91/100
|turn|18
|
|switch|p2a: CORAL!!!|Corsola-Galar, F|100/100
|move|p1a: Lucario|Swords Dance|p1a: Lucario
|-boost|p1a: Lucario|atk|2
|
|upkeep
|turn|19
|
|move|p1a: Lucario|Swords Dance|p1a: Lucario
|-boost|p1a: Lucario|atk|2
|move|p2a: CORAL!!!|Strength Sap|p1a: Lucario
|-unboost|p1a: Lucario|atk|1
|
|upkeep
|turn|20
|
|move|p1a: Lucario|Earthquake|p2a: CORAL!!!
|-damage|p2a: CORAL!!!|24/100
|-damage|p1a: Lucario|81/100|[from] item: Life Orb
|move|p2a: CORAL!!!|Will-O-Wisp|p1a: Lucario
|-status|p1a: Lucario|brn
|
|-damage|p1a: Lucario|75/100 brn|[from] brn
|upkeep
|turn|21
|
|move|p1a: Lucario|Earthquake|p2a: CORAL!!!
|-damage|p2a: CORAL!!!|0 fnt
|-damage|p1a: Lucario|65/100 brn|[from] item: Life Orb
|faint|p2a: CORAL!!!
|
|-damage|p1a: Lucario|59/100 brn|[from] brn
|upkeep
|
|switch|p2a: blap blap|Dragapult, M|52/100
|turn|22
|
|move|p1a: Lucario|Bullet Punch|p2a: blap blap
|-damage|p2a: blap blap|12/100
|-damage|p1a: Lucario|49/100 brn|[from] item: Life Orb
|move|p2a: blap blap|Shadow Ball|p1a: Lucario
|-damage|p1a: Lucario|0 fnt
|faint|p1a: Lucario
|
|upkeep
|
|switch|p1a: Aegislash|Aegislash, M|100/100
|-item|p1a: Aegislash|Air Balloon
|turn|23
|
|switch|p2a: Rik|Toxapex, M|100/100
|-formechange|p1a: Aegislash|Aegislash-Blade||[from] ability: Stance Change
|move|p1a: Aegislash|Shadow Sneak|p2a: Rik
|-damage|p2a: Rik|85/100
|
|upkeep
|turn|24
|
|switch|p1a: Dragapult|Dragapult, M|84/100
|move|p2a: Rik|Toxic|p1a: Dragapult
|-status|p1a: Dragapult|tox
|
|-heal|p1a: Dragapult|90/100 tox|[from] item: Leftovers
|-damage|p1a: Dragapult|84/100 tox|[from] psn
|upkeep
|turn|25
|
|move|p1a: Dragapult|Dragon Dance|p1a: Dragapult
|-boost|p1a: Dragapult|atk|1
|-boost|p1a: Dragapult|spe|1
|move|p2a: Rik|Recover|p2a: Rik
|-heal|p2a: Rik|100/100
|
|-heal|p1a: Dragapult|90/100 tox|[from] item: Leftovers
|-damage|p1a: Dragapult|78/100 tox|[from] psn
|upkeep
|turn|26
|
|move|p1a: Dragapult|Dragon Dance|p1a: Dragapult
|-boost|p1a: Dragapult|atk|1
|-boost|p1a: Dragapult|spe|1
|move|p2a: Rik|Haze|p2a: Rik
|-clearallboost
|
|-heal|p1a: Dragapult|84/100 tox|[from] item: Leftovers
|-damage|p1a: Dragapult|66/100 tox|[from] psn
|upkeep
|turn|27
|
|move|p1a: Dragapult|Dragon Dance|p1a: Dragapult
|-boost|p1a: Dragapult|atk|1
|-boost|p1a: Dragapult|spe|1
|move|p2a: Rik|Scald|p1a: Dragapult
|-resisted|p1a: Dragapult
|-damage|p1a: Dragapult|55/100 tox
|
|-heal|p1a: Dragapult|61/100 tox|[from] item: Leftovers
|-damage|p1a: Dragapult|37/100 tox|[from] psn
|upkeep
|turn|28
|
|move|p1a: Dragapult|Phantom Force||[still]
|-prepare|p1a: Dragapult|Phantom Force|p2a: Rik
|move|p2a: Rik|Haze|p2a: Rik
|-clearallboost
|
|-heal|p1a: Dragapult|43/100 tox|[from] item: Leftovers
|-damage|p1a: Dragapult|13/100 tox|[from] psn
|upkeep
|turn|29
|
|move|p1a: Dragapult|Phantom Force|p2a: Rik|[from]lockedmove
|-damage|p2a: Rik|72/100
|move|p2a: Rik|Recover|p2a: Rik
|-heal|p2a: Rik|100/100
|
|-heal|p1a: Dragapult|19/100 tox|[from] item: Leftovers
|-damage|p1a: Dragapult|0 fnt|[from] psn
|faint|p1a: Dragapult
|upkeep
|
|switch|p1a: Aegislash|Aegislash, M|100/100
|-item|p1a: Aegislash|Air Balloon
|turn|30
|
|move|p1a: Aegislash|Swords Dance|p1a: Aegislash
|-boost|p1a: Aegislash|atk|2
|move|p2a: Rik|Scald|p1a: Aegislash
|-damage|p1a: Aegislash|85/100
|-enditem|p1a: Aegislash|Air Balloon
|-status|p1a: Aegislash|brn
|
|-damage|p1a: Aegislash|79/100 brn|[from] brn
|upkeep
|turn|31
|
|-formechange|p1a: Aegislash|Aegislash-Blade||[from] ability: Stance Change
|move|p1a: Aegislash|Shadow Sneak|p2a: Rik
|-damage|p2a: Rik|87/100
|move|p2a: Rik|Haze|p2a: Rik
|-clearallboost
|
|-damage|p1a: Aegislash|73/100 brn|[from] brn
|upkeep
|turn|32
|c|☆CentralDoggMa|gg
|-message|Kyon~Desterrado* forfeited.
|
|win|CentralDoggMa
|l|☆Kyon~Desterrado*
|raw|Kyon~Desterrado*'s rating: 1600 → 1582(-18 for losing)
|raw|CentralDoggMa's rating: 1629 → 1647(+18 for winning)
