|ScrapeTime|2020-01-01-20:06:24
|j|☆nosgov - grimey
|j|☆Baryl Joestar
|player|p1|nosgov - grimey|doctor|1000
|player|p2|Baryl Joestar|proton|1000
|teamsize|p1|6
|teamsize|p2|6
|gametype|singles
|gen|8
|tier|[Gen 8] OU
|rated|
|rule|Sleep Clause Mod: Limit one foe put to sleep
|rule|Species Clause: Limit one of each Pokémon
|rule|OHKO Clause: OHKO moves are banned
|rule|Evasion Moves Clause: Evasion moves are banned
|rule|Endless Battle Clause: Forcing endless battles is banned
|rule|HP Percentage Mod: HP is shown in percentages
|clearpoke
|poke|p1|Dracovish|
|poke|p1|Dragapult, M|
|poke|p1|Excadrill, F|
|poke|p1|Dracozolt|
|poke|p1|Aegislash, M|
|poke|p1|Mandibuzz, F|
|poke|p2|Cinderace, F|
|poke|p2|Dragapult, M|
|poke|p2|Crawdaunt, M|
|poke|p2|Hatterene, F|
|poke|p2|Rotom-Mow|
|poke|p2|Klinklang|
|rule|Dynamax Clause: You cannot dynamax
|teampreview
|inactive|Battle timer is ON: inactive players will automatically lose when time's up. (requested by Baryl Joestar)
|c|☆nosgov - grimey|im so sad can we just talk
|
|start
|switch|p1a: Excadrill|Excadrill, F|100/100
|switch|p2a: Dragapult|Dragapult, M|100/100
|-ability|p1a: Excadrill|Mold Breaker
|turn|1
|
|switch|p1a: Dracozolt|Dracozolt|100/100
|move|p2a: Dragapult|Substitute|p2a: Dragapult
|-start|p2a: Dragapult|Substitute
|-damage|p2a: Dragapult|76/100
|
|-heal|p2a: Dragapult|82/100|[from] item: Leftovers
|upkeep
|turn|2
|
|move|p2a: Dragapult|Dragon Dance|p2a: Dragapult
|-boost|p2a: Dragapult|atk|1
|-boost|p2a: Dragapult|spe|1
|move|p1a: Dracozolt|Bolt Beak|p2a: Dragapult
|-resisted|p2a: Dragapult
|-end|p2a: Dragapult|Substitute
|
|-heal|p2a: Dragapult|88/100|[from] item: Leftovers
|upkeep
|turn|3
|
|switch|p1a: Mandibuzz|Mandibuzz, F|100/100
|move|p2a: Dragapult|Substitute|p2a: Dragapult
|-start|p2a: Dragapult|Substitute
|-damage|p2a: Dragapult|63/100
|
|-heal|p2a: Dragapult|69/100|[from] item: Leftovers
|upkeep
|turn|4
|
|move|p2a: Dragapult|Dragon Dance|p2a: Dragapult
|-boost|p2a: Dragapult|atk|1
|-boost|p2a: Dragapult|spe|1
|move|p1a: Mandibuzz|Knock Off|p2a: Dragapult
|-supereffective|p2a: Dragapult
|-end|p2a: Dragapult|Substitute
|
|-heal|p2a: Dragapult|75/100|[from] item: Leftovers
|upkeep
|turn|5
|
|move|p2a: Dragapult|Dragon Darts|p1a: Mandibuzz
|-damage|p1a: Mandibuzz|57/100
|-damage|p1a: Mandibuzz|15/100
|-hitcount|p1a: Mandibuzz|2
|move|p1a: Mandibuzz|Knock Off|p2a: Dragapult
|-supereffective|p2a: Dragapult
|-damage|p2a: Dragapult|4/100
|-enditem|p2a: Dragapult|Leftovers|[from] move: Knock Off|[of] p1a: Mandibuzz
|
|upkeep
|turn|6
|
|switch|p1a: Aegislash|Aegislash, M|100/100
|move|p2a: Dragapult|Dragon Darts|p1a: Aegislash
|-resisted|p1a: Aegislash
|-damage|p1a: Aegislash|77/100
|-resisted|p1a: Aegislash
|-crit|p1a: Aegislash
|-damage|p1a: Aegislash|43/100
|-hitcount|p1a: Aegislash|2
|
|upkeep
|turn|7
|
|-formechange|p1a: Aegislash|Aegislash-Blade||[from] ability: Stance Change
|move|p1a: Aegislash|Shadow Sneak|p2a: Dragapult
|-supereffective|p2a: Dragapult
|-damage|p2a: Dragapult|0 fnt
|faint|p2a: Dragapult
|
|upkeep
|
|switch|p2a: Klinklang|Klinklang|100/100
|turn|8
|c|☆nosgov - grimey|please
|
|switch|p1a: Mandibuzz|Mandibuzz, F|15/100
|move|p2a: Klinklang|Substitute|p2a: Klinklang
|-start|p2a: Klinklang|Substitute
|-damage|p2a: Klinklang|76/100
|
|-heal|p2a: Klinklang|82/100|[from] item: Leftovers
|upkeep
|turn|9
|
|move|p1a: Mandibuzz|Knock Off|p2a: Klinklang
|-crit|p2a: Klinklang
|-end|p2a: Klinklang|Substitute
|move|p2a: Klinklang|Shift Gear|p2a: Klinklang
|-boost|p2a: Klinklang|spe|2
|-boost|p2a: Klinklang|atk|1
|
|-heal|p2a: Klinklang|88/100|[from] item: Leftovers
|upkeep
|turn|10
|
|move|p2a: Klinklang|Shift Gear|p2a: Klinklang
|-boost|p2a: Klinklang|spe|2
|-boost|p2a: Klinklang|atk|1
|move|p1a: Mandibuzz|Knock Off|p2a: Klinklang
|-damage|p2a: Klinklang|58/100
|-enditem|p2a: Klinklang|Leftovers|[from] move: Knock Off|[of] p1a: Mandibuzz
|
|upkeep
|turn|11
|
|move|p2a: Klinklang|Shift Gear|p2a: Klinklang
|-boost|p2a: Klinklang|spe|2
|-boost|p2a: Klinklang|atk|1
|move|p1a: Mandibuzz|Brave Bird|p2a: Klinklang
|-resisted|p2a: Klinklang
|-crit|p2a: Klinklang
|-damage|p2a: Klinklang|33/100
|-damage|p1a: Mandibuzz|10/100|[from] Recoil
|
|upkeep
|turn|12
|
|move|p2a: Klinklang|Gear Grind|p1a: Mandibuzz
|-damage|p1a: Mandibuzz|0 fnt
|-hitcount|p1a: Mandibuzz|1
|faint|p1a: Mandibuzz
|
|upkeep
|
|switch|p1a: Aegislash|Aegislash, M|43/100
|turn|13
|
|-formechange|p1a: Aegislash|Aegislash-Blade||[from] ability: Stance Change
|move|p1a: Aegislash|Shadow Sneak|p2a: Klinklang
|-damage|p2a: Klinklang|0 fnt
|faint|p2a: Klinklang
|
|upkeep
|c|☆nosgov - grimey|im crying
|-message|Baryl Joestar forfeited.
|
|win|nosgov - grimey
|l|☆Baryl Joestar
|raw|nosgov - grimey's rating: 1000 → 1040(+40 for winning)
|raw|Baryl Joestar's rating: 1000 → 1000(+0 for losing)
