|ScrapeTime|2020-01-01-18:38:46
|j|☆SubSpooky
|j|☆YuunGoo
|player|p1|SubSpooky|marlon|1159
|player|p2|YuunGoo|80|1194
|teamsize|p1|6
|teamsize|p2|6
|gametype|singles
|gen|8
|tier|[Gen 8] OU
|rated|
|rule|Sleep Clause Mod: Limit one foe put to sleep
|rule|Species Clause: Limit one of each Pokémon
|rule|OHKO Clause: OHKO moves are banned
|rule|Evasion Moves Clause: Evasion moves are banned
|rule|Endless Battle Clause: Forcing endless battles is banned
|rule|HP Percentage Mod: HP is shown in percentages
|clearpoke
|poke|p1|Pelipper, M|
|poke|p1|Excadrill, M|
|poke|p1|Toxicroak, M|
|poke|p1|Toxtricity, F|
|poke|p1|Rotom-Wash|
|poke|p1|Barraskewda, M|
|poke|p2|Toxtricity-Low-Key, M|
|poke|p2|Ditto|
|poke|p2|Corviknight, M|
|poke|p2|Gyarados, F|
|poke|p2|Ferrothorn, F|
|poke|p2|Seismitoad, F|
|rule|Dynamax Clause: You cannot dynamax
|teampreview
|inactive|Battle timer is ON: inactive players will automatically lose when time's up. (requested by YuunGoo)
|
|start
|switch|p1a: Pelipper|Pelipper, M|100/100
|switch|p2a: Gyarados|Gyarados, F|100/100
|-weather|RainDance|[from] ability: Drizzle|[of] p1a: Pelipper
|turn|1
|
|move|p2a: Gyarados|Dragon Dance|p2a: Gyarados
|-boost|p2a: Gyarados|atk|1
|-boost|p2a: Gyarados|spe|1
|move|p1a: Pelipper|U-turn|p2a: Gyarados
|-resisted|p2a: Gyarados
|-damage|p2a: Gyarados|95/100
|
|switch|p1a: Rotom|Rotom-Wash|100/100|[from]move: U-turn
|
|-weather|RainDance|[upkeep]
|-heal|p2a: Gyarados|100/100|[from] item: Leftovers
|upkeep
|turn|2
|
|switch|p2a: Seismitoad|Seismitoad, F|100/100
|move|p1a: Rotom|Thunder Wave|p2a: Seismitoad
|-immune|p2a: Seismitoad
|
|-weather|RainDance|[upkeep]
|upkeep
|turn|3
|
|switch|p1a: Excadrill|Excadrill, M|100/100
|-ability|p1a: Excadrill|Mold Breaker
|move|p2a: Seismitoad|Surf|p1a: Excadrill
|-supereffective|p1a: Excadrill
|-crit|p1a: Excadrill
|-damage|p1a: Excadrill|0 fnt
|faint|p1a: Excadrill
|
|-weather|RainDance|[upkeep]
|upkeep
|inactive|SubSpooky has 120 seconds left.
|
|switch|p1a: Barraskewda|Barraskewda, M|100/100
|turn|4
|inactive|SubSpooky has 120 seconds left.
|
|switch|p2a: Ferrothorn|Ferrothorn, F|100/100
|move|p1a: Barraskewda|Close Combat|p2a: Ferrothorn
|-supereffective|p2a: Ferrothorn
|-damage|p2a: Ferrothorn|17/100
|-damage|p1a: Barraskewda|88/100|[from] ability: Iron Barbs|[of] p2a: Ferrothorn
|-unboost|p1a: Barraskewda|def|1
|-unboost|p1a: Barraskewda|spd|1
|
|-weather|RainDance|[upkeep]
|-heal|p2a: Ferrothorn|23/100|[from] item: Leftovers
|upkeep
|turn|5
|inactive|SubSpooky has 120 seconds left.
|
|switch|p1a: Rotom|Rotom-Wash|100/100
|switch|p2a: Corviknight|Corviknight, M|100/100
|
|-weather|RainDance|[upkeep]
|upkeep
|turn|6
|
|switch|p2a: Seismitoad|Seismitoad, F|100/100
|move|p1a: Rotom|Volt Switch|p2a: Seismitoad
|-immune|p2a: Seismitoad
|
|-weather|RainDance|[upkeep]
|upkeep
|turn|7
|
|switch|p1a: Barraskewda|Barraskewda, M|88/100
|move|p2a: Seismitoad|Earth Power|p1a: Barraskewda
|-damage|p1a: Barraskewda|27/100
|
|-weather|RainDance|[upkeep]
|upkeep
|turn|8
|
|switch|p2a: Ferrothorn|Ferrothorn, F|23/100
|move|p1a: Barraskewda|Liquidation|p2a: Ferrothorn
|-resisted|p2a: Ferrothorn
|-damage|p2a: Ferrothorn|0 fnt
|-damage|p1a: Barraskewda|15/100|[from] ability: Iron Barbs|[of] p2a: Ferrothorn
|faint|p2a: Ferrothorn
|
|-weather|none
|upkeep
|
|switch|p2a: Gyarados|Gyarados, F|100/100
|turn|9
|
|switch|p1a: Pelipper|Pelipper, M|100/100
|-weather|RainDance|[from] ability: Drizzle|[of] p1a: Pelipper
|move|p2a: Gyarados|Power Whip|p1a: Pelipper
|-damage|p1a: Pelipper|63/100
|
|-weather|RainDance|[upkeep]
|upkeep
|turn|10
|
|move|p2a: Gyarados|Earthquake|p1a: Pelipper
|-immune|p1a: Pelipper
|move|p1a: Pelipper|U-turn|p2a: Gyarados
|-resisted|p2a: Gyarados
|-damage|p2a: Gyarados|96/100
|
|switch|p1a: Toxtricity|Toxtricity, F|100/100|[from]move: U-turn
|
|-weather|RainDance|[upkeep]
|-heal|p2a: Gyarados|100/100|[from] item: Leftovers
|upkeep
|turn|11
|
|move|p2a: Gyarados|Earthquake|p1a: Toxtricity
|-supereffective|p1a: Toxtricity
|-crit|p1a: Toxtricity
|-damage|p1a: Toxtricity|0 fnt
|faint|p1a: Toxtricity
|-ability|p2a: Gyarados|Moxie|boost
|-boost|p2a: Gyarados|atk|1
|
|-weather|RainDance|[upkeep]
|upkeep
|
|switch|p1a: Rotom|Rotom-Wash|100/100
|turn|12
|
|switch|p2a: Seismitoad|Seismitoad, F|100/100
|move|p1a: Rotom|Hydro Pump|p2a: Seismitoad
|-immune|p2a: Seismitoad|[from] ability: Water Absorb
|
|-weather|RainDance|[upkeep]
|upkeep
|turn|13
|
|switch|p1a: Toxicroak|Toxicroak, M|100/100
|move|p2a: Seismitoad|Earth Power|p1a: Toxicroak
|-supereffective|p1a: Toxicroak
|-damage|p1a: Toxicroak|10/100
|-unboost|p1a: Toxicroak|spd|1
|
|-weather|RainDance|[upkeep]
|-heal|p1a: Toxicroak|22/100|[from] ability: Dry Skin
|upkeep
|turn|14
|
|move|p1a: Toxicroak|Gunk Shot|p2a: Seismitoad
|-resisted|p2a: Seismitoad
|-damage|p2a: Seismitoad|72/100
|-status|p2a: Seismitoad|psn
|-damage|p1a: Toxicroak|13/100|[from] item: Life Orb
|move|p2a: Seismitoad|Earth Power|p1a: Toxicroak
|-supereffective|p1a: Toxicroak
|-damage|p1a: Toxicroak|0 fnt
|faint|p1a: Toxicroak
|
|-weather|RainDance|[upkeep]
|-damage|p2a: Seismitoad|60/100 psn|[from] psn
|upkeep
|
|switch|p1a: Barraskewda|Barraskewda, M|15/100
|turn|15
|
|move|p1a: Barraskewda|Close Combat|p2a: Seismitoad
|-damage|p2a: Seismitoad|4/100 psn
|-unboost|p1a: Barraskewda|def|1
|-unboost|p1a: Barraskewda|spd|1
|move|p2a: Seismitoad|Surf|p1a: Barraskewda
|-resisted|p1a: Barraskewda
|-damage|p1a: Barraskewda|0 fnt
|faint|p1a: Barraskewda
|
|-weather|RainDance|[upkeep]
|-damage|p2a: Seismitoad|0 fnt|[from] psn
|faint|p2a: Seismitoad
|upkeep
|
|switch|p1a: Rotom|Rotom-Wash|100/100
|switch|p2a: Toxtricity|Toxtricity-Low-Key, M|100/100
|turn|16
|
|move|p2a: Toxtricity|Snarl|p1a: Rotom
|-damage|p1a: Rotom|77/100
|-unboost|p1a: Rotom|spa|1
|-enditem|p2a: Toxtricity|Throat Spray
|-boost|p2a: Toxtricity|spa|1
|move|p1a: Rotom|Will-O-Wisp|p2a: Toxtricity
|-status|p2a: Toxtricity|brn
|
|-weather|none
|-damage|p2a: Toxtricity|94/100 brn|[from] brn
|upkeep
|turn|17
|
|move|p2a: Toxtricity|Boomburst|p1a: Rotom
|-damage|p1a: Rotom|0 fnt
|faint|p1a: Rotom
|
|-damage|p2a: Toxtricity|88/100 brn|[from] brn
|upkeep
|
|switch|p1a: Pelipper|Pelipper, M|63/100
|-weather|RainDance|[from] ability: Drizzle|[of] p1a: Pelipper
|turn|18
|
|move|p2a: Toxtricity|Volt Switch|p1a: Pelipper
|-supereffective|p1a: Pelipper
|-damage|p1a: Pelipper|0 fnt
|faint|p1a: Pelipper
|
|win|YuunGoo
|c|☆SubSpooky|gg
|c|☆YuunGoo|gg
|l|☆SubSpooky
|raw|SubSpooky's rating: 1134 → 1113(-21 for losing)
|raw|YuunGoo's rating: 1194 → 1215(+21 for winning)
