|ScrapeTime|2020-01-01-16:25:37
|j|☆Sart2
|j|☆sillever
|player|p1|Sart2|156|1104
|player|p2|sillever|124|1090
|teamsize|p1|6
|teamsize|p2|6
|gametype|singles
|gen|8
|tier|[Gen 8] OU
|rated|
|rule|Sleep Clause Mod: Limit one foe put to sleep
|rule|Species Clause: Limit one of each Pokémon
|rule|OHKO Clause: OHKO moves are banned
|rule|Evasion Moves Clause: Evasion moves are banned
|rule|Endless Battle Clause: Forcing endless battles is banned
|rule|HP Percentage Mod: HP is shown in percentages
|clearpoke
|poke|p1|Clefable, F|
|poke|p1|Conkeldurr, F|
|poke|p1|Corviknight, F|
|poke|p1|Hydreigon, F|
|poke|p1|Rotom-Heat|
|poke|p1|Seismitoad, F|
|poke|p2|Scrafty, M|
|poke|p2|Goodra, F|
|poke|p2|Orbeetle, M|
|poke|p2|Gastrodon-East, F|
|poke|p2|Mimikyu, M|
|poke|p2|Cinderace, F|
|rule|Dynamax Clause: You cannot dynamax
|teampreview
|
|start
|switch|p1a: Seismitoad|Seismitoad, F|100/100
|switch|p2a: Orbeetle|Orbeetle, M|100/100
|-item|p1a: Seismitoad|Leftovers|[from] ability: Frisk|[of] p2a: Orbeetle|[identify]
|turn|1
|inactive|Battle timer is ON: inactive players will automatically lose when time's up. (requested by Sart2)
|
|switch|p1a: Corviknight|Corviknight, F|100/100
|-ability|p1a: Corviknight|Pressure
|move|p2a: Orbeetle|Sticky Web|p1a: Corviknight
|-sidestart|p1: Sart2|move: Sticky Web
|
|upkeep
|turn|2
|
|move|p2a: Orbeetle|Reflect|p2a: Orbeetle
|-sidestart|p2: sillever|Reflect
|move|p1a: Corviknight|Defog|p2a: Orbeetle
|-unboost|p2a: Orbeetle|evasion|1
|-sideend|p2: sillever|Reflect
|-sideend|p1: Sart2|Sticky Web|[from] move: Defog|[of] p1a: Corviknight
|
|upkeep
|turn|3
|
|switch|p2a: Cinderace|Cinderace, F|100/100
|move|p1a: Corviknight|U-turn|p2a: Cinderace
|-resisted|p2a: Cinderace
|-damage|p2a: Cinderace|91/100
|
|switch|p1a: Seismitoad|Seismitoad, F|100/100|[from]move: U-turn
|
|upkeep
|turn|4
|
|switch|p2a: Gastrodon|Gastrodon-East, F|100/100
|move|p1a: Seismitoad|Toxic|p2a: Gastrodon
|-status|p2a: Gastrodon|tox
|
|-damage|p2a: Gastrodon|94/100 tox|[from] psn
|upkeep
|turn|5
|inactive|sillever has 120 seconds left.
|
|switch|p1a: Corviknight|Corviknight, F|100/100
|-ability|p1a: Corviknight|Pressure
|switch|p2a: Scrafty|Scrafty, M|100/100
|
|upkeep
|turn|6
|inactive|sillever has 120 seconds left.
|
|move|p2a: Scrafty|Dragon Dance|p2a: Scrafty
|-boost|p2a: Scrafty|atk|1
|-boost|p2a: Scrafty|spe|1
|move|p1a: Corviknight|U-turn|p2a: Scrafty
|-damage|p2a: Scrafty|84/100
|
|switch|p1a: Clefable|Clefable, F|100/100|[from]move: U-turn
|
|upkeep
|turn|7
|
|move|p2a: Scrafty|Stone Edge|p1a: Clefable
|-damage|p1a: Clefable|61/100
|move|p1a: Clefable|Moonblast|p2a: Scrafty
|-supereffective|p2a: Scrafty
|-damage|p2a: Scrafty|0 fnt
|faint|p2a: Scrafty
|
|-heal|p1a: Clefable|68/100|[from] item: Leftovers
|upkeep
|
|switch|p2a: Mimikyu|Mimikyu, M|100/100
|turn|8
|
|move|p2a: Mimikyu|Swords Dance|p2a: Mimikyu
|-boost|p2a: Mimikyu|atk|2
|move|p1a: Clefable|Thunder Wave|p2a: Mimikyu
|-status|p2a: Mimikyu|par
|
|-heal|p1a: Clefable|74/100|[from] item: Leftovers
|upkeep
|turn|9
|
|move|p1a: Clefable|Moonblast|p2a: Mimikyu
|-activate|p2a: Mimikyu|ability: Disguise
|-damage|p2a: Mimikyu|100/100 par
|detailschange|p2a: Mimikyu|Mimikyu-Busted, M
|-damage|p2a: Mimikyu|88/100 par|[from] ability: Disguise|[of] p2a: Mimikyu
|move|p2a: Mimikyu|Swords Dance|p2a: Mimikyu
|-boost|p2a: Mimikyu|atk|2
|
|-heal|p1a: Clefable|80/100|[from] item: Leftovers
|upkeep
|turn|10
|
|move|p1a: Clefable|Protect|p1a: Clefable
|-singleturn|p1a: Clefable|Protect
|move|p2a: Mimikyu|Shadow Claw|p1a: Clefable
|-activate|p1a: Clefable|move: Protect
|
|-heal|p1a: Clefable|86/100|[from] item: Leftovers
|upkeep
|turn|11
|
|move|p1a: Clefable|Wish|p1a: Clefable
|cant|p2a: Mimikyu|par
|
|-heal|p1a: Clefable|92/100|[from] item: Leftovers
|upkeep
|turn|12
|
|move|p1a: Clefable|Moonblast|p2a: Mimikyu
|-damage|p2a: Mimikyu|50/100 par
|-unboost|p2a: Mimikyu|spa|1
|move|p2a: Mimikyu|Shadow Claw|p1a: Clefable
|-crit|p1a: Clefable
|-damage|p1a: Clefable|0 fnt
|-damage|p2a: Mimikyu|40/100 par|[from] item: Life Orb
|faint|p1a: Clefable
|
|upkeep
|
|switch|p1a: Corviknight|Corviknight, F|100/100
|-ability|p1a: Corviknight|Pressure
|turn|13
|
|move|p1a: Corviknight|Iron Head|p2a: Mimikyu
|-supereffective|p2a: Mimikyu
|-damage|p2a: Mimikyu|0 fnt
|faint|p2a: Mimikyu
|
|upkeep
|
|switch|p2a: Cinderace|Cinderace, F|91/100
|turn|14
|
|switch|p1a: Seismitoad|Seismitoad, F|100/100
|move|p2a: Cinderace|U-turn|p1a: Seismitoad
|-damage|p1a: Seismitoad|83/100
|
|switch|p2a: Orbeetle|Orbeetle, M|100/100|[from]move: U-turn
|-item|p1a: Seismitoad|Leftovers|[from] ability: Frisk|[of] p2a: Orbeetle|[identify]
|
|-heal|p1a: Seismitoad|89/100|[from] item: Leftovers
|upkeep
|turn|15
|
|move|p2a: Orbeetle|Reflect|p2a: Orbeetle
|-sidestart|p2: sillever|Reflect
|move|p1a: Seismitoad|Stealth Rock|p2a: Orbeetle
|-sidestart|p2: sillever|move: Stealth Rock
|
|-heal|p1a: Seismitoad|95/100|[from] item: Leftovers
|upkeep
|turn|16
|
|move|p2a: Orbeetle|Light Screen|p2a: Orbeetle
|-sidestart|p2: sillever|move: Light Screen
|move|p1a: Seismitoad|Toxic|p2a: Orbeetle
|-status|p2a: Orbeetle|tox
|
|-heal|p1a: Seismitoad|100/100|[from] item: Leftovers
|-damage|p2a: Orbeetle|94/100 tox|[from] psn
|upkeep
|turn|17
|
|switch|p2a: Cinderace|Cinderace, F|91/100
|-damage|p2a: Cinderace|66/100|[from] Stealth Rock
|switch|p1a: Rotom|Rotom-Heat|100/100
|
|upkeep
|turn|18
|
|move|p2a: Cinderace|High Jump Kick|p1a: Rotom
|-damage|p1a: Rotom|55/100
|move|p1a: Rotom|Volt Switch|p2a: Cinderace
|-damage|p2a: Cinderace|47/100
|
|switch|p1a: Hydreigon|Hydreigon, F|100/100|[from]move: Volt Switch
|
|upkeep
|turn|19
|
|move|p1a: Hydreigon|U-turn|p2a: Cinderace
|-resisted|p2a: Cinderace
|-damage|p2a: Cinderace|42/100
|
|switch|p1a: Rotom|Rotom-Heat|55/100|[from]move: U-turn
|move|p2a: Cinderace|High Jump Kick|p1a: Rotom
|-damage|p1a: Rotom|12/100
|
|upkeep
|turn|20
|
|move|p2a: Cinderace|U-turn|p1a: Rotom
|-resisted|p1a: Rotom
|-damage|p1a: Rotom|0 fnt
|faint|p1a: Rotom
|
|switch|p2a: Gastrodon|Gastrodon-East, F|94/100 tox|[from]move: U-turn
|-damage|p2a: Gastrodon|88/100 tox|[from] Stealth Rock
|
|-damage|p2a: Gastrodon|82/100 tox|[from] psn
|upkeep
|
|switch|p1a: Hydreigon|Hydreigon, F|100/100
|turn|21
|
|move|p1a: Hydreigon|U-turn|p2a: Gastrodon
|-damage|p2a: Gastrodon|77/100 tox
|-damage|p1a: Hydreigon|84/100|[from] item: Rocky Helmet|[of] p2a: Gastrodon
|
|switch|p1a: Corviknight|Corviknight, F|100/100|[from]move: U-turn
|-ability|p1a: Corviknight|Pressure
|move|p2a: Gastrodon|Ice Beam|p1a: Corviknight
|-damage|p1a: Corviknight|85/100
|
|-heal|p1a: Corviknight|91/100|[from] item: Leftovers
|-damage|p2a: Gastrodon|65/100 tox|[from] psn
|upkeep
|turn|22
|
|move|p1a: Corviknight|U-turn|p2a: Gastrodon
|-damage|p2a: Gastrodon|59/100 tox
|-damage|p1a: Corviknight|75/100|[from] item: Rocky Helmet|[of] p2a: Gastrodon
|
|switch|p1a: Seismitoad|Seismitoad, F|100/100|[from]move: U-turn
|move|p2a: Gastrodon|Scald|p1a: Seismitoad
|-immune|p1a: Seismitoad|[from] ability: Water Absorb
|
|-damage|p2a: Gastrodon|41/100 tox|[from] psn
|-sideend|p2: sillever|Reflect
|upkeep
|turn|23
|
|switch|p2a: Cinderace|Cinderace, F|42/100
|-damage|p2a: Cinderace|17/100|[from] Stealth Rock
|-enditem|p2a: Cinderace|Figy Berry|[eat]
|-heal|p2a: Cinderace|50/100|[from] item: Figy Berry
|move|p1a: Seismitoad|Protect||[still]
|-fail|p1a: Seismitoad
|
|-sideend|p2: sillever|move: Light Screen
|upkeep
|turn|24
|
|move|p2a: Cinderace|High Jump Kick|p1a: Seismitoad
|-damage|p1a: Seismitoad|70/100
|move|p1a: Seismitoad|Earthquake|p2a: Cinderace
|-supereffective|p2a: Cinderace
|-damage|p2a: Cinderace|0 fnt
|faint|p2a: Cinderace
|
|-heal|p1a: Seismitoad|76/100|[from] item: Leftovers
|upkeep
|
|switch|p2a: Goodra|Goodra, F|100/100
|-damage|p2a: Goodra|88/100|[from] Stealth Rock
|turn|25
|
|move|p1a: Seismitoad|Protect|p1a: Seismitoad
|-singleturn|p1a: Seismitoad|Protect
|move|p2a: Goodra|Dragon Pulse|p1a: Seismitoad
|-activate|p1a: Seismitoad|move: Protect
|
|-heal|p1a: Seismitoad|82/100|[from] item: Leftovers
|upkeep
|turn|26
|
|move|p2a: Goodra|Dragon Pulse|p1a: Seismitoad
|-damage|p1a: Seismitoad|47/100
|move|p1a: Seismitoad|Toxic|p2a: Goodra
|-status|p2a: Goodra|tox
|
|-heal|p1a: Seismitoad|53/100|[from] item: Leftovers
|-damage|p2a: Goodra|82/100 tox|[from] psn
|upkeep
|turn|27
|
|move|p1a: Seismitoad|Protect|p1a: Seismitoad
|-singleturn|p1a: Seismitoad|Protect
|move|p2a: Goodra|Dragon Pulse|p1a: Seismitoad
|-activate|p1a: Seismitoad|move: Protect
|
|-heal|p1a: Seismitoad|59/100|[from] item: Leftovers
|-damage|p2a: Goodra|69/100 tox|[from] psn
|upkeep
|turn|28
|
|move|p2a: Goodra|Dragon Pulse|p1a: Seismitoad
|-damage|p1a: Seismitoad|22/100
|move|p1a: Seismitoad|Earthquake|p2a: Goodra
|-damage|p2a: Goodra|37/100 tox
|
|-heal|p1a: Seismitoad|28/100|[from] item: Leftovers
|-damage|p2a: Goodra|18/100 tox|[from] psn
|upkeep
|turn|29
|
|switch|p2a: Gastrodon|Gastrodon-East, F|41/100 tox
|-damage|p2a: Gastrodon|35/100 tox|[from] Stealth Rock
|move|p1a: Seismitoad|Protect||[still]
|-fail|p1a: Seismitoad
|
|-heal|p1a: Seismitoad|34/100|[from] item: Leftovers
|-damage|p2a: Gastrodon|29/100 tox|[from] psn
|upkeep
|turn|30
|
|move|p1a: Seismitoad|Earthquake|p2a: Gastrodon
|-damage|p2a: Gastrodon|6/100 tox
|move|p2a: Gastrodon|Ice Beam|p1a: Seismitoad
|-damage|p1a: Seismitoad|15/100
|
|-heal|p1a: Seismitoad|21/100|[from] item: Leftovers
|-damage|p2a: Gastrodon|0 fnt|[from] psn
|faint|p2a: Gastrodon
|upkeep
|
|switch|p2a: Goodra|Goodra, F|18/100 tox
|-damage|p2a: Goodra|6/100 tox|[from] Stealth Rock
|turn|31
|
|move|p1a: Seismitoad|Protect|p1a: Seismitoad
|-singleturn|p1a: Seismitoad|Protect
|move|p2a: Goodra|Dragon Pulse|p1a: Seismitoad
|-activate|p1a: Seismitoad|move: Protect
|
|-heal|p1a: Seismitoad|27/100|[from] item: Leftovers
|-damage|p2a: Goodra|0 fnt|[from] psn
|faint|p2a: Goodra
|upkeep
|
|switch|p2a: Orbeetle|Orbeetle, M|94/100 tox
|-damage|p2a: Orbeetle|70/100 tox|[from] Stealth Rock
|-item|p1a: Seismitoad|Leftovers|[from] ability: Frisk|[of] p2a: Orbeetle|[identify]
|turn|32
|
|move|p2a: Orbeetle|Psychic|p1a: Seismitoad
|-damage|p1a: Seismitoad|0 fnt
|faint|p1a: Seismitoad
|
|-damage|p2a: Orbeetle|63/100 tox|[from] psn
|upkeep
|
|switch|p1a: Hydreigon|Hydreigon, F|84/100
|turn|33
|
|move|p1a: Hydreigon|Draco Meteor|p2a: Orbeetle
|-damage|p2a: Orbeetle|18/100 tox
|-unboost|p1a: Hydreigon|spa|2
|move|p2a: Orbeetle|Light Screen|p2a: Orbeetle
|-sidestart|p2: sillever|move: Light Screen
|
|-damage|p2a: Orbeetle|6/100 tox|[from] psn
|upkeep
|turn|34
|
|move|p1a: Hydreigon|Draco Meteor|p2a: Orbeetle
|-damage|p2a: Orbeetle|0 fnt
|-unboost|p1a: Hydreigon|spa|2
|faint|p2a: Orbeetle
|
|win|Sart2
|raw|Sart2's rating: 1104 → 1128(+24 for winning)
|raw|sillever's rating: 1090 → 1067(-23 for losing)
