|ScrapeTime|2020-01-02-09:05:22
|j|☆Rusty blue
|j|☆soMousM
|player|p1|Rusty blue|ingo|1685
|player|p2|soMousM|pokekid|1693
|teamsize|p1|6
|teamsize|p2|6
|gametype|singles
|gen|8
|tier|[Gen 8] OU
|rated|
|rule|Sleep Clause Mod: Limit one foe put to sleep
|rule|Species Clause: Limit one of each Pokémon
|rule|OHKO Clause: OHKO moves are banned
|rule|Evasion Moves Clause: Evasion moves are banned
|rule|Endless Battle Clause: Forcing endless battles is banned
|rule|HP Percentage Mod: HP is shown in percentages
|clearpoke
|poke|p1|Corviknight, M|
|poke|p1|Mew|
|poke|p1|Kommo-o, M|
|poke|p1|Tyranitar, M|
|poke|p1|Haxorus, M|
|poke|p1|Dragapult, M|
|poke|p2|Sirfetch'd, F|
|poke|p2|Dragapult, F|
|poke|p2|Snorlax, M|
|poke|p2|Seismitoad, F|
|poke|p2|Rotom-Heat|
|poke|p2|Corviknight, M|
|rule|Dynamax Clause: You cannot dynamax
|teampreview
|j| aronova
|j| hifikida
|j| NubKnightZ
|
|start
|switch|p1a: Corviknight|Corviknight, M|100/100
|switch|p2a: Dragapult|Dragapult, F|100/100
|-ability|p1a: Corviknight|Pressure
|turn|1
|
|move|p2a: Dragapult|Thunderbolt|p1a: Corviknight
|-supereffective|p1a: Corviknight
|-damage|p1a: Corviknight|30/100
|move|p1a: Corviknight|U-turn|p2a: Dragapult
|-resisted|p2a: Dragapult
|-crit|p2a: Dragapult
|-damage|p2a: Dragapult|87/100
|
|switch|p1a: Mew|Mew|100/100|[from]move: U-turn
|
|upkeep
|turn|2
|
|switch|p2a: Corviknight|Corviknight, M|100/100
|-ability|p2a: Corviknight|Pressure
|move|p1a: Mew|Stealth Rock|p2a: Corviknight
|-sidestart|p2: soMousM|move: Stealth Rock
|
|upkeep
|turn|3
|
|move|p1a: Mew|Nasty Plot|p1a: Mew
|-boost|p1a: Mew|spa|2
|move|p2a: Corviknight|U-turn|p1a: Mew
|-supereffective|p1a: Mew
|-damage|p1a: Mew|74/100
|
|switch|p2a: Dragapult|Dragapult, F|87/100|[from]move: U-turn
|-damage|p2a: Dragapult|75/100|[from] Stealth Rock
|
|-heal|p1a: Mew|80/100|[from] item: Leftovers
|upkeep
|turn|4
|
|switch|p1a: Corviknight|Corviknight, M|30/100
|-ability|p1a: Corviknight|Pressure
|move|p2a: Dragapult|Shadow Ball|p1a: Corviknight
|-damage|p1a: Corviknight|0 fnt
|faint|p1a: Corviknight
|
|upkeep
|
|switch|p1a: Tyranitar|Tyranitar, M|100/100
|-weather|Sandstorm|[from] ability: Sand Stream|[of] p1a: Tyranitar
|turn|5
|
|switch|p2a: Corviknight|Corviknight, M|100/100
|-damage|p2a: Corviknight|88/100|[from] Stealth Rock
|-ability|p2a: Corviknight|Pressure
|move|p1a: Tyranitar|Dragon Dance|p1a: Tyranitar
|-boost|p1a: Tyranitar|atk|1
|-boost|p1a: Tyranitar|spe|1
|
|-weather|Sandstorm|[upkeep]
|-heal|p2a: Corviknight|94/100|[from] item: Leftovers
|upkeep
|turn|6
|
|move|p1a: Tyranitar|Dragon Dance|p1a: Tyranitar
|-boost|p1a: Tyranitar|atk|1
|-boost|p1a: Tyranitar|spe|1
|move|p2a: Corviknight|Defog|p1a: Tyranitar
|-unboost|p1a: Tyranitar|evasion|1
|-sideend|p2: soMousM|Stealth Rock|[from] move: Defog|[of] p2a: Corviknight
|
|-weather|Sandstorm|[upkeep]
|-heal|p2a: Corviknight|100/100|[from] item: Leftovers
|upkeep
|turn|7
|
|move|p1a: Tyranitar|Fire Punch|p2a: Corviknight
|-supereffective|p2a: Corviknight
|-damage|p2a: Corviknight|7/100
|move|p2a: Corviknight|U-turn|p1a: Tyranitar
|-supereffective|p1a: Tyranitar
|-damage|p1a: Tyranitar|74/100
|
|switch|p2a: Sirfetch'd|Sirfetch'd, F|100/100|[from]move: U-turn
|
|-weather|Sandstorm|[upkeep]
|-damage|p2a: Sirfetch'd|94/100|[from] Sandstorm
|-heal|p1a: Tyranitar|80/100|[from] item: Leftovers
|upkeep
|turn|8
|
|move|p2a: Sirfetch'd|First Impression|p1a: Tyranitar
|-supereffective|p1a: Tyranitar
|-damage|p1a: Tyranitar|0 fnt
|faint|p1a: Tyranitar
|
|-weather|Sandstorm|[upkeep]
|-damage|p2a: Sirfetch'd|88/100|[from] Sandstorm
|upkeep
|
|switch|p1a: Mew|Mew|80/100
|turn|9
|
|switch|p2a: Rotom|Rotom-Heat|100/100
|move|p1a: Mew|Stealth Rock|p2a: Rotom
|-sidestart|p2: soMousM|move: Stealth Rock
|
|-weather|none
|-heal|p1a: Mew|86/100|[from] item: Leftovers
|upkeep
|turn|10
|
|move|p2a: Rotom|Trick|p1a: Mew
|-activate|p2a: Rotom|move: Trick|[of] p1a: Mew
|-item|p1a: Mew|Choice Scarf|[from] move: Trick
|-item|p2a: Rotom|Leftovers|[from] move: Trick
|move|p1a: Mew|Psychic|p2a: Rotom
|-damage|p2a: Rotom|61/100
|
|-heal|p2a: Rotom|67/100|[from] item: Leftovers
|upkeep
|turn|11
|
|move|p1a: Mew|Psychic|p2a: Rotom
|-damage|p2a: Rotom|22/100
|-unboost|p2a: Rotom|spd|1
|move|p2a: Rotom|Thunder Wave|p1a: Mew
|-status|p1a: Mew|par
|-activate|p1a: Mew|ability: Synchronize
|-immune|p2a: Rotom
|
|-heal|p2a: Rotom|28/100|[from] item: Leftovers
|upkeep
|turn|12
|
|move|p2a: Rotom|Overheat|p1a: Mew
|-crit|p1a: Mew
|-damage|p1a: Mew|12/100 par
|-unboost|p2a: Rotom|spa|2
|move|p1a: Mew|Psychic|p2a: Rotom
|-damage|p2a: Rotom|0 fnt
|faint|p2a: Rotom
|
|upkeep
|
|switch|p2a: Dragapult|Dragapult, F|75/100
|-damage|p2a: Dragapult|63/100|[from] Stealth Rock
|turn|13
|
|move|p2a: Dragapult|Shadow Ball|p1a: Mew
|-supereffective|p1a: Mew
|-damage|p1a: Mew|0 fnt
|faint|p1a: Mew
|
|upkeep
|
|switch|p1a: Kommo-o|Kommo-o, M|100/100
|turn|14
|
|move|p2a: Dragapult|Shadow Ball|p1a: Kommo-o
|-damage|p1a: Kommo-o|39/100
|move|p1a: Kommo-o|Dragon Claw|p2a: Dragapult
|-supereffective|p2a: Dragapult
|-damage|p2a: Dragapult|0 fnt
|faint|p2a: Dragapult
|
|-heal|p1a: Kommo-o|46/100|[from] item: Leftovers
|upkeep
|
|switch|p2a: Sirfetch'd|Sirfetch'd, F|88/100
|-damage|p2a: Sirfetch'd|82/100|[from] Stealth Rock
|turn|15
|
|move|p1a: Kommo-o|Close Combat|p2a: Sirfetch'd
|-damage|p2a: Sirfetch'd|1/100
|-unboost|p1a: Kommo-o|def|1
|-unboost|p1a: Kommo-o|spd|1
|move|p2a: Sirfetch'd|Close Combat|p1a: Kommo-o
|-damage|p1a: Kommo-o|0 fnt
|-unboost|p2a: Sirfetch'd|def|1
|-unboost|p2a: Sirfetch'd|spd|1
|faint|p1a: Kommo-o
|
|upkeep
|
|switch|p1a: Dragapult|Dragapult, M|100/100
|turn|16
|
|move|p1a: Dragapult|Dragon Pulse|p2a: Sirfetch'd
|-damage|p2a: Sirfetch'd|0 fnt
|faint|p2a: Sirfetch'd
|
|upkeep
|
|switch|p2a: Snorlax|Snorlax, M|100/100
|-damage|p2a: Snorlax|88/100|[from] Stealth Rock
|turn|17
|
|move|p1a: Dragapult|Dragon Pulse|p2a: Snorlax
|-damage|p2a: Snorlax|63/100
|move|p2a: Snorlax|Curse|p2a: Snorlax
|-unboost|p2a: Snorlax|spe|1
|-boost|p2a: Snorlax|atk|1
|-boost|p2a: Snorlax|def|1
|
|-heal|p2a: Snorlax|69/100|[from] item: Leftovers
|upkeep
|turn|18
|
|move|p1a: Dragapult|Dragon Pulse|p2a: Snorlax
|-damage|p2a: Snorlax|42/100
|move|p2a: Snorlax|Curse|p2a: Snorlax
|-unboost|p2a: Snorlax|spe|1
|-boost|p2a: Snorlax|atk|1
|-boost|p2a: Snorlax|def|1
|
|-heal|p2a: Snorlax|48/100|[from] item: Leftovers
|upkeep
|turn|19
|
|move|p1a: Dragapult|Dragon Pulse|p2a: Snorlax
|-damage|p2a: Snorlax|18/100
|move|p2a: Snorlax|Rest|p2a: Snorlax
|-status|p2a: Snorlax|slp|[from] move: Rest
|-heal|p2a: Snorlax|100/100 slp|[silent]
|
|upkeep
|turn|20
|
|move|p1a: Dragapult|Dragon Pulse|p2a: Snorlax
|-damage|p2a: Snorlax|67/100 slp
|cant|p2a: Snorlax|slp
|
|-heal|p2a: Snorlax|73/100 slp|[from] item: Leftovers
|upkeep
|turn|21
|
|move|p1a: Dragapult|Dragon Pulse|p2a: Snorlax
|-damage|p2a: Snorlax|36/100 slp
|cant|p2a: Snorlax|slp
|
|-heal|p2a: Snorlax|42/100 slp|[from] item: Leftovers
|upkeep
|turn|22
|
|move|p1a: Dragapult|Dragon Pulse|p2a: Snorlax
|-damage|p2a: Snorlax|3/100 slp
|-curestatus|p2a: Snorlax|slp|[msg]
|move|p2a: Snorlax|Darkest Lariat|p1a: Dragapult
|-supereffective|p1a: Dragapult
|-damage|p1a: Dragapult|0 fnt
|faint|p1a: Dragapult
|
|-heal|p2a: Snorlax|9/100|[from] item: Leftovers
|upkeep
|
|switch|p1a: Haxorus|Haxorus, M|100/100
|-ability|p1a: Haxorus|Mold Breaker
|turn|23
|
|move|p1a: Haxorus|Dragon Claw|p2a: Snorlax
|-damage|p2a: Snorlax|0 fnt
|faint|p2a: Snorlax
|
|upkeep
|
|switch|p2a: Seismitoad|Seismitoad, F|100/100
|-damage|p2a: Seismitoad|94/100|[from] Stealth Rock
|turn|24
|
|move|p1a: Haxorus|Dragon Dance|p1a: Haxorus
|-boost|p1a: Haxorus|atk|1
|-boost|p1a: Haxorus|spe|1
|move|p2a: Seismitoad|Earthquake|p1a: Haxorus
|-damage|p1a: Haxorus|60/100
|
|-heal|p1a: Haxorus|66/100|[from] item: Leftovers
|-heal|p2a: Seismitoad|100/100|[from] item: Leftovers
|upkeep
|turn|25
|
|move|p1a: Haxorus|Dragon Claw|p2a: Seismitoad
|-damage|p2a: Seismitoad|50/100
|move|p2a: Seismitoad|Earthquake|p1a: Haxorus
|-crit|p1a: Haxorus
|-damage|p1a: Haxorus|0 fnt
|faint|p1a: Haxorus
|
|win|soMousM
|raw|Rusty blue's rating: 1685 → 1665(-20 for losing)
|raw|soMousM's rating: 1693 → 1712(+19 for winning)
|l|☆Rusty blue
|l|☆soMousM
|l| NubKnightZ
|l| aronova
|l| hifikida
