|ScrapeTime|2020-01-02-05:15:27
|j|☆Reavious23
|j|☆NightOwl85
|player|p1|Reavious23|yellow|
|player|p2|NightOwl85|25|
|teamsize|p1|6
|teamsize|p2|6
|gametype|singles
|gen|8
|tier|[Gen 8] OU
|rule|Sleep Clause Mod: Limit one foe put to sleep
|rule|Species Clause: Limit one of each Pokémon
|rule|OHKO Clause: OHKO moves are banned
|rule|Evasion Moves Clause: Evasion moves are banned
|rule|Endless Battle Clause: Forcing endless battles is banned
|rule|HP Percentage Mod: HP is shown in percentages
|clearpoke
|poke|p1|Chandelure, F|
|poke|p1|Hawlucha, F|
|poke|p1|Rhyperior, F|
|poke|p1|Thievul, M|
|poke|p1|Jolteon, M|
|poke|p1|Mr. Rime, M|
|poke|p2|Dragapult, M|
|poke|p2|Gastrodon-East, F|
|poke|p2|Coalossal, M|
|poke|p2|Heliolisk, M|
|poke|p2|Hattrem, F|
|poke|p2|Greedent, M|
|rule|Dynamax Clause: You cannot dynamax
|teampreview
|c|☆NightOwl85|glhf
|c|☆Reavious23|Huh
|c|☆Reavious23|wheres the bird
|c|☆NightOwl85|lol
|c|☆Reavious23|I made a cool thing for it :(
|c|☆Reavious23|It’s cool I got some heat left
|c|☆Reavious23|glhf
|c|☆NightOwl85|wheres the ball of poison gas
|c|☆NightOwl85|xd
|c|☆NightOwl85|and the spiky plant
|c|☆Reavious23|They boring af
|c|☆Reavious23|im tryna bring heat
|c|☆NightOwl85|lol
|
|start
|switch|p1a: Mr. Meeseeks|Mr. Rime, M|100/100
|switch|p2a: Malfoy|Dragapult, M|100/100
|turn|1
|
|move|p1a: Mr. Meeseeks|Ice Shard|p2a: Malfoy
|-supereffective|p2a: Malfoy
|-damage|p2a: Malfoy|65/100
|move|p2a: Malfoy|Substitute|p2a: Malfoy
|-start|p2a: Malfoy|Substitute
|-damage|p2a: Malfoy|40/100
|
|-heal|p2a: Malfoy|46/100|[from] item: Leftovers
|upkeep
|turn|2
|
|move|p1a: Mr. Meeseeks|Ice Shard|p2a: Malfoy
|-supereffective|p2a: Malfoy
|-end|p2a: Malfoy|Substitute
|move|p2a: Malfoy|Disable|p1a: Mr. Meeseeks
|-start|p1a: Mr. Meeseeks|Disable|Ice Shard
|
|-heal|p2a: Malfoy|52/100|[from] item: Leftovers
|upkeep
|turn|3
|c|☆Reavious23|OH
|c|☆Reavious23|HEAT
|c|☆Reavious23|OML
|c|☆Reavious23|RYAN DODNT SAY OTHERS BROUGHT HEAT
|
|move|p2a: Malfoy|Will-O-Wisp|p1a: Mr. Meeseeks
|-status|p1a: Mr. Meeseeks|brn
|move|p1a: Mr. Meeseeks|Ice Beam|p2a: Malfoy
|-supereffective|p2a: Malfoy
|-damage|p2a: Malfoy|0 fnt
|faint|p2a: Malfoy
|
|-damage|p1a: Mr. Meeseeks|95/100 brn|[from] brn
|upkeep
|c|☆Reavious23|That’s my thing
|
|switch|p2a: Dursley|Greedent, M|100/100
|turn|4
|
|move|p1a: Mr. Meeseeks|Focus Blast|p2a: Dursley
|-supereffective|p2a: Dursley
|-damage|p2a: Dursley|30/100
|-enditem|p2a: Dursley|Sitrus Berry|[eat]
|-heal|p2a: Dursley|54/100|[from] item: Sitrus Berry
|-heal|p2a: Dursley|88/100|[from] ability: Cheek Pouch
|move|p2a: Dursley|Belly Drum|p2a: Dursley
|-damage|p2a: Dursley|38/100
|-setboost|p2a: Dursley|atk|6|[from] move: Belly Drum
|
|-damage|p1a: Mr. Meeseeks|89/100 brn|[from] brn
|upkeep
|turn|5
|c|☆NightOwl85|god damn
|c|☆NightOwl85|i underestimated this thing so much
|
|switch|p1a: Sia|Chandelure, F|100/100
|move|p2a: Dursley|Belly Drum||[still]
|-fail|p2a: Dursley
|
|upkeep
|turn|6
|c|☆NightOwl85|ohi miss clicked
|
|switch|p2a: Hagrid|Coalossal, M|100/100
|move|p1a: Sia|Clear Smog|p2a: Hagrid
|-resisted|p2a: Hagrid
|-damage|p2a: Hagrid|94/100
|-clearboost|p2a: Hagrid
|
|upkeep
|turn|7
|c|☆Reavious23|Lmao
|c|☆NightOwl85|im throwing
|c|☆Reavious23|Wtf does this thing do
|c|☆NightOwl85|i dont even know mr rimes stats
|
|switch|p1a: Glowstone|Rhyperior, F, shiny|100/100
|move|p2a: Hagrid|Stealth Rock|p1a: Glowstone
|-sidestart|p1: Reavious23|move: Stealth Rock
|
|upkeep
|turn|8
|c|☆NightOwl85|didnt know what it does at all lol
|c|☆Reavious23|Bro
|c|☆Reavious23|I thought this thing was gonna one shot something
|inactive|Battle timer is ON: inactive players will automatically lose when time's up. (requested by NightOwl85)
|c|☆Reavious23|and it clicked rocks
|
|switch|p2a: MoaningMyrtle|Gastrodon-East, F|100/100
|move|p1a: Glowstone|Earthquake|p2a: MoaningMyrtle
|-damage|p2a: MoaningMyrtle|59/100
|
|-heal|p2a: MoaningMyrtle|65/100|[from] item: Leftovers
|upkeep
|turn|9
|
|switch|p1a: Sia|Chandelure, F|100/100
|-damage|p1a: Sia|76/100|[from] Stealth Rock
|move|p2a: MoaningMyrtle|Recover|p2a: MoaningMyrtle
|-heal|p2a: MoaningMyrtle|100/100
|
|upkeep
|turn|10
|
|switch|p2a: Hagrid|Coalossal, M|94/100
|move|p1a: Sia|Energy Ball|p2a: Hagrid
|-damage|p2a: Hagrid|70/100
|
|upkeep
|turn|11
|
|switch|p1a: Sly Cooper|Thievul, M|100/100
|-damage|p1a: Sly Cooper|88/100|[from] Stealth Rock
|move|p2a: Hagrid|Rock Blast|p1a: Sly Cooper
|-damage|p1a: Sly Cooper|73/100
|-damage|p1a: Sly Cooper|59/100
|-damage|p1a: Sly Cooper|43/100
|-damage|p1a: Sly Cooper|28/100
|-hitcount|p1a: Sly Cooper|4
|
|upkeep
|turn|12
|
|move|p1a: Sly Cooper|Grass Knot|p2a: Hagrid
|-damage|p2a: Hagrid|37/100
|move|p2a: Hagrid|Fire Punch|p1a: Sly Cooper
|-damage|p1a: Sly Cooper|0 fnt
|faint|p1a: Sly Cooper
|
|upkeep
|c|☆Reavious23|Booooo
|c|☆Reavious23|where was the switch
|c|☆Reavious23|f
|
|switch|p1a: Lily|Jolteon, M|100/100
|-damage|p1a: Lily|88/100|[from] Stealth Rock
|turn|13
|
|switch|p2a: MoaningMyrtle|Gastrodon-East, F|100/100
|move|p1a: Lily|Shadow Ball|p2a: MoaningMyrtle
|-damage|p2a: MoaningMyrtle|72/100
|-damage|p1a: Lily|78/100|[from] item: Life Orb
|
|-heal|p2a: MoaningMyrtle|78/100|[from] item: Leftovers
|upkeep
|turn|14
|
|switch|p1a: Mr. Meeseeks|Mr. Rime, M|89/100 brn
|-damage|p1a: Mr. Meeseeks|64/100 brn|[from] Stealth Rock
|move|p2a: MoaningMyrtle|Earth Power|p1a: Mr. Meeseeks
|-damage|p1a: Mr. Meeseeks|30/100 brn
|
|-heal|p2a: MoaningMyrtle|84/100|[from] item: Leftovers
|-damage|p1a: Mr. Meeseeks|24/100 brn|[from] brn
|upkeep
|turn|15
|
|move|p1a: Mr. Meeseeks|Energy Ball|p2a: MoaningMyrtle
|-supereffective|p2a: MoaningMyrtle
|-damage|p2a: MoaningMyrtle|0 fnt
|faint|p2a: MoaningMyrtle
|
|-damage|p1a: Mr. Meeseeks|18/100 brn|[from] brn
|upkeep
|c|☆NightOwl85|this thing gets eball tooo????
|c|☆NightOwl85|wtf
|c|☆Reavious23|LMAO
|
|switch|p2a: Basilisk|Heliolisk, M|100/100
|turn|16
|c|☆Reavious23|THE GODD
|
|move|p1a: Mr. Meeseeks|Ice Shard|p2a: Basilisk
|-crit|p2a: Basilisk
|-damage|p2a: Basilisk|83/100
|move|p2a: Basilisk|Volt Switch|p1a: Mr. Meeseeks
|-damage|p1a: Mr. Meeseeks|0 fnt
|faint|p1a: Mr. Meeseeks
|c|☆NightOwl85|bro fuck mr rime
|
|switch|p2a: Hermione|Hattrem, F|100/100|[from]move: Volt Switch
|
|upkeep
|inactive|Reavious23 has 270 seconds left.
|
|switch|p1a: Sia|Chandelure, F|76/100
|-damage|p1a: Sia|51/100|[from] Stealth Rock
|turn|17
|
|switch|p2a: Dursley|Greedent, M|38/100
|move|p1a: Sia|Shadow Ball|p2a: Dursley
|-immune|p2a: Dursley
|
|upkeep
|turn|18
|
|move|p1a: Sia|Flamethrower|p2a: Dursley
|-damage|p2a: Dursley|0 fnt
|faint|p2a: Dursley
|
|upkeep
|
|switch|p2a: Basilisk|Heliolisk, M|83/100
|turn|19
|
|switch|p1a: Lily|Jolteon, M|78/100
|-damage|p1a: Lily|66/100|[from] Stealth Rock
|move|p2a: Basilisk|Surf|p1a: Lily
|-damage|p1a: Lily|27/100
|
|upkeep
|turn|20
|
|move|p2a: Basilisk|Surf|p1a: Lily
|-damage|p1a: Lily|0 fnt
|faint|p1a: Lily
|
|upkeep
|c|☆Reavious23|Bro
|c|☆NightOwl85|lol
|c|☆Reavious23|i thought you would switch
|c|☆Reavious23|i clicked copycat
|c|☆Reavious23|it would surf ur coal
|c|☆Reavious23|LMAO
|c|☆NightOwl85|oof
|
|switch|p1a: Glowstone|Rhyperior, F, shiny|100/100
|-damage|p1a: Glowstone|94/100|[from] Stealth Rock
|turn|21
|
|move|p2a: Basilisk|Surf|p1a: Glowstone
|-supereffective|p1a: Glowstone
|-damage|p1a: Glowstone|0 fnt
|faint|p1a: Glowstone
|
|upkeep
|c|☆NightOwl85|?
|inactive|Reavious23 has 270 seconds left.
|c|☆Reavious23|Lmao
|
|switch|p1a: Rye6807|Hawlucha, F|100/100
|-damage|p1a: Rye6807|88/100|[from] Stealth Rock
|turn|22
|
|switch|p2a: Hermione|Hattrem, F|100/100
|move|p1a: Rye6807|Substitute|p1a: Rye6807
|-start|p1a: Rye6807|Substitute
|-damage|p1a: Rye6807|63/100
|
|upkeep
|turn|23
|
|move|p1a: Rye6807|Swords Dance|p1a: Rye6807
|-boost|p1a: Rye6807|atk|2
|move|p2a: Hermione|Psychic|p1a: Rye6807
|-supereffective|p1a: Rye6807
|-end|p1a: Rye6807|Substitute
|
|upkeep
|turn|24
|inactive|Reavious23 has 270 seconds left.
|
|move|p1a: Rye6807|Substitute|p1a: Rye6807
|-start|p1a: Rye6807|Substitute
|-damage|p1a: Rye6807|38/100
|-enditem|p1a: Rye6807|Sitrus Berry|[eat]
|-heal|p1a: Rye6807|63/100|[from] item: Sitrus Berry
|move|p2a: Hermione|Psychic|p1a: Rye6807
|-supereffective|p1a: Rye6807
|-end|p1a: Rye6807|Substitute
|
|upkeep
|turn|25
|
|move|p1a: Rye6807|Acrobatics|p2a: Hermione
|-damage|p2a: Hermione|26/100
|move|p2a: Hermione|Psychic|p1a: Rye6807
|-supereffective|p1a: Rye6807
|-damage|p1a: Rye6807|0 fnt
|faint|p1a: Rye6807
|
|upkeep
|
|switch|p1a: Sia|Chandelure, F|51/100
|-damage|p1a: Sia|26/100|[from] Stealth Rock
|turn|26
|c|☆Reavious23|Ggs
|c|☆NightOwl85|gg
|inactive|Reavious23 has 270 seconds left.
|c|☆NightOwl85|fucking mr rime
|
|move|p1a: Sia|Shadow Ball|p2a: Hermione
|-supereffective|p2a: Hermione
|-damage|p2a: Hermione|0 fnt
|faint|p2a: Hermione
|
|upkeep
|c|☆NightOwl85|screwed everything up lol
|
|switch|p2a: Basilisk|Heliolisk, M|83/100
|turn|27
|
|move|p2a: Basilisk|Surf|p1a: Sia
|-supereffective|p1a: Sia
|-damage|p1a: Sia|0 fnt
|faint|p1a: Sia
|
|win|NightOwl85
|c|☆NightOwl85|that was a fun one
|c|☆Reavious23|I didn’t know you were choiced
|c|☆Reavious23|wasnt paying attention
|c|☆NightOwl85|yeah scarf helio
|c|☆Reavious23|so I sacked rhy
|c|☆Reavious23|assuming I lost
