|ScrapeTime|2020-01-02-02:16:44
|j|☆Unzelfriday
|j|☆Aayush04
|player|p1|Unzelfriday|170|1210
|player|p2|Aayush04|palmer|1232
|teamsize|p1|6
|teamsize|p2|6
|gametype|singles
|gen|8
|tier|[Gen 8] OU
|rated|
|rule|Sleep Clause Mod: Limit one foe put to sleep
|rule|Species Clause: Limit one of each Pokémon
|rule|OHKO Clause: OHKO moves are banned
|rule|Evasion Moves Clause: Evasion moves are banned
|rule|Endless Battle Clause: Forcing endless battles is banned
|rule|HP Percentage Mod: HP is shown in percentages
|clearpoke
|poke|p1|Hawlucha, F|
|poke|p1|Galvantula, F|
|poke|p1|Ditto|
|poke|p1|Excadrill, M|
|poke|p1|Clefable, F|
|poke|p1|Cinderace, F|
|poke|p2|Obstagoon, F|
|poke|p2|Dragapult, M|
|poke|p2|Excadrill, M|
|poke|p2|Bisharp, F|
|poke|p2|Araquanid, M|
|poke|p2|Hawlucha, M|
|rule|Dynamax Clause: You cannot dynamax
|teampreview
|
|start
|switch|p1a: Galvantula|Galvantula, F, shiny|100/100
|switch|p2a: Excadrill|Excadrill, M|100/100
|-ability|p2a: Excadrill|Mold Breaker
|turn|1
|
|move|p1a: Galvantula|Energy Ball|p2a: Excadrill
|-damage|p2a: Excadrill|60/100
|move|p2a: Excadrill|Rapid Spin|p1a: Galvantula
|-damage|p1a: Galvantula|70/100
|-boost|p2a: Excadrill|spe|1
|
|upkeep
|turn|2
|
|move|p2a: Excadrill|Earthquake|p1a: Galvantula
|-damage|p1a: Galvantula|0 fnt
|faint|p1a: Galvantula
|
|upkeep
|
|switch|p1a: Clefable|Clefable, F, shiny|100/100
|turn|3
|
|move|p2a: Excadrill|Iron Head|p1a: Clefable
|-supereffective|p1a: Clefable
|-damage|p1a: Clefable|0 fnt
|faint|p1a: Clefable
|
|upkeep
|inactive|Battle timer is ON: inactive players will automatically lose when time's up. (requested by Aayush04)
|
|switch|p1a: Ditto|Ditto|100/100
|-transform|p1a: Ditto|p2a: Excadrill|[from] ability: Imposter
|-ability|p1a: Ditto|Mold Breaker
|turn|4
|
|switch|p2a: Hawlucha|Hawlucha, M|100/100
|move|p1a: Ditto|Earthquake|p2a: Hawlucha
|-immune|p2a: Hawlucha
|
|upkeep
|turn|5
|
|switch|p1a: Cinderace|Cinderace, F, shiny|100/100
|move|p2a: Hawlucha|Swords Dance|p2a: Hawlucha
|-boost|p2a: Hawlucha|atk|2
|
|upkeep
|turn|6
|
|move|p1a: Cinderace|Pyro Ball|p2a: Hawlucha
|-damage|p2a: Hawlucha|0 fnt
|faint|p2a: Hawlucha
|
|upkeep
|
|switch|p2a: Araquanid|Araquanid, M|100/100
|turn|7
|
|move|p1a: Cinderace|Pyro Ball|p2a: Araquanid
|-damage|p2a: Araquanid|48/100
|move|p2a: Araquanid|Liquidation|p1a: Cinderace
|-supereffective|p1a: Cinderace
|-damage|p1a: Cinderace|0 fnt
|faint|p1a: Cinderace
|
|-heal|p2a: Araquanid|54/100|[from] item: Leftovers
|upkeep
|
|switch|p1a: Excadrill|Excadrill, M|100/100
|-ability|p1a: Excadrill|Mold Breaker
|turn|8
|
|move|p1a: Excadrill|Earthquake|p2a: Araquanid
|-resisted|p2a: Araquanid
|-damage|p2a: Araquanid|24/100
|move|p2a: Araquanid|Liquidation|p1a: Excadrill
|-supereffective|p1a: Excadrill
|-enditem|p1a: Excadrill|Focus Sash
|-damage|p1a: Excadrill|1/100
|
|-heal|p2a: Araquanid|30/100|[from] item: Leftovers
|upkeep
|turn|9
|
|move|p2a: Araquanid|Protect|p2a: Araquanid
|-singleturn|p2a: Araquanid|Protect
|move|p1a: Excadrill|Earthquake|p2a: Araquanid
|-activate|p2a: Araquanid|move: Protect
|
|-heal|p2a: Araquanid|37/100|[from] item: Leftovers
|upkeep
|turn|10
|
|move|p1a: Excadrill|Stealth Rock|p2a: Araquanid
|-sidestart|p2: Aayush04|move: Stealth Rock
|move|p2a: Araquanid|Liquidation|p1a: Excadrill
|-supereffective|p1a: Excadrill
|-damage|p1a: Excadrill|0 fnt
|faint|p1a: Excadrill
|
|-heal|p2a: Araquanid|43/100|[from] item: Leftovers
|upkeep
|
|switch|p1a: Hawlucha|Hawlucha, F|100/100
|turn|11
|
|move|p1a: Hawlucha|Close Combat|p2a: Araquanid
|-resisted|p2a: Araquanid
|-damage|p2a: Araquanid|13/100
|-unboost|p1a: Hawlucha|def|1
|-unboost|p1a: Hawlucha|spd|1
|-enditem|p1a: Hawlucha|White Herb
|-clearnegativeboost|p1a: Hawlucha|[silent]
|move|p2a: Araquanid|Liquidation|p1a: Hawlucha
|-damage|p1a: Hawlucha|11/100
|
|-heal|p2a: Araquanid|19/100|[from] item: Leftovers
|upkeep
|turn|12
|
|move|p2a: Araquanid|Protect|p2a: Araquanid
|-singleturn|p2a: Araquanid|Protect
|move|p1a: Hawlucha|Close Combat|p2a: Araquanid
|-activate|p2a: Araquanid|move: Protect
|
|-heal|p2a: Araquanid|25/100|[from] item: Leftovers
|upkeep
|turn|13
|
|move|p1a: Hawlucha|Close Combat|p2a: Araquanid
|-resisted|p2a: Araquanid
|-damage|p2a: Araquanid|0 fnt
|-unboost|p1a: Hawlucha|def|1
|-unboost|p1a: Hawlucha|spd|1
|faint|p2a: Araquanid
|
|upkeep
|
|switch|p2a: Bisharp|Bisharp, F|100/100
|-damage|p2a: Bisharp|95/100|[from] Stealth Rock
|turn|14
|
|move|p2a: Bisharp|Sucker Punch||[still]
|-fail|p2a: Bisharp
|move|p1a: Hawlucha|Swords Dance|p1a: Hawlucha
|-boost|p1a: Hawlucha|atk|2
|
|upkeep
|turn|15
|
|move|p2a: Bisharp|Sucker Punch||[still]
|-fail|p2a: Bisharp
|move|p1a: Hawlucha|Swords Dance|p1a: Hawlucha
|-boost|p1a: Hawlucha|atk|2
|
|upkeep
|turn|16
|
|move|p2a: Bisharp|Sucker Punch||[still]
|-fail|p2a: Bisharp
|move|p1a: Hawlucha|Swords Dance|p1a: Hawlucha
|-boost|p1a: Hawlucha|atk|2
|
|upkeep
|turn|17
|
|move|p2a: Bisharp|Sucker Punch||[still]
|-fail|p2a: Bisharp
|move|p1a: Hawlucha|Swords Dance|p1a: Hawlucha
|-boost|p1a: Hawlucha|atk|0
|
|upkeep
|turn|18
|
|move|p2a: Bisharp|Sucker Punch||[still]
|-fail|p2a: Bisharp
|move|p1a: Hawlucha|Swords Dance|p1a: Hawlucha
|-boost|p1a: Hawlucha|atk|0
|
|upkeep
|turn|19
|
|move|p1a: Hawlucha|Close Combat|p2a: Bisharp
|-supereffective|p2a: Bisharp
|-damage|p2a: Bisharp|0 fnt
|-unboost|p1a: Hawlucha|def|1
|-unboost|p1a: Hawlucha|spd|1
|faint|p2a: Bisharp
|
|upkeep
|c|☆Unzelfriday|BRAIN DEAD
|
|switch|p2a: Excadrill|Excadrill, M|60/100
|-damage|p2a: Excadrill|57/100|[from] Stealth Rock
|-ability|p2a: Excadrill|Mold Breaker
|turn|20
|c|☆Unzelfriday|ILLUMINATI CONFIRMED
|
|move|p1a: Hawlucha|Close Combat|p2a: Excadrill
|-supereffective|p2a: Excadrill
|-damage|p2a: Excadrill|0 fnt
|-unboost|p1a: Hawlucha|def|1
|-unboost|p1a: Hawlucha|spd|1
|faint|p2a: Excadrill
|
|upkeep
|c|☆Aayush04|Lol
|
|switch|p2a: Dragapult|Dragapult, M|100/100
|-damage|p2a: Dragapult|88/100|[from] Stealth Rock
|turn|21
|
|move|p1a: Hawlucha|Brave Bird|p2a: Dragapult
|-damage|p2a: Dragapult|0 fnt
|-damage|p1a: Hawlucha|0 fnt|[from] Recoil
|faint|p2a: Dragapult
|faint|p1a: Hawlucha
|
|upkeep
|
|switch|p2a: Obstagoon|Obstagoon, F|100/100
|switch|p1a: Ditto|Ditto|100/100
|-transform|p1a: Ditto|p2a: Obstagoon|[from] ability: Imposter
|-damage|p2a: Obstagoon|88/100|[from] Stealth Rock
|turn|22
|c|☆Aayush04|Gg
|c|☆Aayush04|I'm gonna win
|inactive|Unzelfriday has 120 seconds left.
|inactive|Unzelfriday has 90 seconds left.
|c|☆Aayush04|Come on
|c|☆Aayush04|Don't think
|
|move|p2a: Obstagoon|Obstruct|p2a: Obstagoon
|-singleturn|p2a: Obstagoon|Protect
|move|p1a: Ditto|Facade|p2a: Obstagoon
|-activate|p2a: Obstagoon|move: Protect
|-unboost|p1a: Ditto|def|2
|
|-status|p2a: Obstagoon|brn|[from] item: Flame Orb
|upkeep
|turn|23
|
|move|p1a: Ditto|Facade|p2a: Obstagoon
|-damage|p2a: Obstagoon|59/100 brn
|move|p2a: Obstagoon|Knock Off|p1a: Ditto
|-resisted|p1a: Ditto
|-damage|p1a: Ditto|34/100
|-enditem|p1a: Ditto|Choice Scarf|[from] move: Knock Off|[of] p2a: Obstagoon
|
|-damage|p2a: Obstagoon|53/100 brn|[from] brn
|upkeep
|turn|24
|
|move|p1a: Ditto|Obstruct|p1a: Ditto
|-singleturn|p1a: Ditto|Protect
|move|p2a: Obstagoon|Facade|p1a: Ditto
|-activate|p1a: Ditto|move: Protect
|-unboost|p2a: Obstagoon|def|2
|
|-damage|p2a: Obstagoon|47/100 brn|[from] brn
|upkeep
|turn|25
|inactive|Unzelfriday has 60 seconds left.
|
|move|p1a: Ditto|Facade|p2a: Obstagoon
|-damage|p2a: Obstagoon|0 fnt
|faint|p2a: Obstagoon
|
|win|Unzelfriday
|c|☆Unzelfriday|gg
|raw|Unzelfriday's rating: 1210 → 1237(+27 for winning)
|raw|Aayush04's rating: 1232 → 1205(-27 for losing)
|c|☆Aayush04|Lol
|c|☆Unzelfriday|hahaha
|c|☆Unzelfriday|this match
|c|☆Aayush04|Ajit knock off
|c|☆Aayush04|Shit*
|c|☆Unzelfriday|you ruined with knock off
|c|☆Unzelfriday|sure
|c|☆Aayush04|Yup
|c|☆Aayush04|Gg
