|ScrapeTime|2020-01-01-05:05:59
|j|☆KirbStompGA
|j|☆R4444
|player|p1|KirbStompGA|waitress|1100
|player|p2|R4444|102|1105
|teamsize|p1|6
|teamsize|p2|6
|gametype|singles
|gen|8
|tier|[Gen 8] OU
|rated|
|rule|Sleep Clause Mod: Limit one foe put to sleep
|rule|Species Clause: Limit one of each Pokémon
|rule|OHKO Clause: OHKO moves are banned
|rule|Evasion Moves Clause: Evasion moves are banned
|rule|Endless Battle Clause: Forcing endless battles is banned
|rule|HP Percentage Mod: HP is shown in percentages
|clearpoke
|poke|p1|Seismitoad, F|
|poke|p1|Toxapex, M|
|poke|p1|Corsola-Galar, F|
|poke|p1|Ferrothorn, F|
|poke|p1|Mandibuzz, F|
|poke|p1|Hatterene, F|
|poke|p2|Indeedee-F, F|
|poke|p2|Hydreigon, M|
|poke|p2|Excadrill, M|
|poke|p2|Kommo-o, F|
|poke|p2|Hawlucha, F|
|poke|p2|Rotom-Heat|
|rule|Dynamax Clause: You cannot dynamax
|teampreview
|
|start
|switch|p1a: No Fun Here|Seismitoad, F|100/100
|switch|p2a: Indeedee|Indeedee-F, F|100/100
|-fieldstart|move: Psychic Terrain|[from] ability: Psychic Surge|[of] p2a: Indeedee
|turn|1
|
|move|p2a: Indeedee|Future Sight|p1a: No Fun Here
|-start|p2a: Indeedee|move: Future Sight
|move|p1a: No Fun Here|Stealth Rock|p2a: Indeedee
|-sidestart|p2: R4444|move: Stealth Rock
|
|upkeep
|turn|2
|
|switch|p2a: Hydreigon|Hydreigon, M|100/100
|-damage|p2a: Hydreigon|88/100|[from] Stealth Rock
|move|p1a: No Fun Here|Toxic|p2a: Hydreigon
|-status|p2a: Hydreigon|tox
|
|-heal|p2a: Hydreigon|94/100 tox|[from] item: Leftovers
|-damage|p2a: Hydreigon|88/100 tox|[from] psn
|upkeep
|turn|3
|
|move|p2a: Hydreigon|Dark Pulse|p1a: No Fun Here
|-damage|p1a: No Fun Here|57/100
|move|p1a: No Fun Here|Scald|p2a: Hydreigon
|-resisted|p2a: Hydreigon
|-damage|p2a: Hydreigon|74/100 tox
|
|-end|p1a: No Fun Here|move: Future Sight
|-damage|p1a: No Fun Here|0 fnt
|-heal|p2a: Hydreigon|80/100 tox|[from] item: Leftovers
|faint|p1a: No Fun Here
|-damage|p2a: Hydreigon|68/100 tox|[from] psn
|upkeep
|
|switch|p1a: 3 Hours Wasted|Mandibuzz, F|100/100
|turn|4
|
|switch|p2a: Rotom|Rotom-Heat|100/100
|-damage|p2a: Rotom|76/100|[from] Stealth Rock
|move|p1a: 3 Hours Wasted|Knock Off|p2a: Rotom
|-damage|p2a: Rotom|50/100
|-enditem|p2a: Rotom|Choice Scarf|[from] move: Knock Off|[of] p1a: 3 Hours Wasted
|
|upkeep
|turn|5
|
|switch|p1a: Gen 8 Sucks|Hatterene, F|100/100
|move|p2a: Rotom|Trick|p1a: Gen 8 Sucks
|-activate|p2a: Rotom|move: Trick|[of] p1a: Gen 8 Sucks
|-enditem|p1a: Gen 8 Sucks|Leftovers|[silent]|[from] move: Trick
|-item|p2a: Rotom|Leftovers|[from] move: Trick
|
|-heal|p2a: Rotom|56/100|[from] item: Leftovers
|-fieldend|move: Psychic Terrain
|upkeep
|turn|6
|
|move|p2a: Rotom|Volt Switch|p1a: Gen 8 Sucks
|-damage|p1a: Gen 8 Sucks|80/100
|
|switch|p2a: Excadrill|Excadrill, M|100/100|[from]move: Volt Switch
|-damage|p2a: Excadrill|97/100|[from] Stealth Rock
|-ability|p2a: Excadrill|Mold Breaker
|move|p1a: Gen 8 Sucks|Nuzzle|p2a: Excadrill
|-immune|p2a: Excadrill
|
|-heal|p2a: Excadrill|100/100|[from] item: Leftovers
|upkeep
|turn|7
|
|switch|p1a: ResidentSleeper|Corsola-Galar, F|100/100
|move|p2a: Excadrill|Swords Dance|p2a: Excadrill
|-boost|p2a: Excadrill|atk|2
|
|upkeep
|turn|8
|
|move|p2a: Excadrill|Earthquake|p1a: ResidentSleeper
|-damage|p1a: ResidentSleeper|25/100
|move|p1a: ResidentSleeper|Strength Sap|p2a: Excadrill
|-unboost|p2a: Excadrill|atk|1
|-heal|p1a: ResidentSleeper|100/100
|
|upkeep
|turn|9
|
|switch|p2a: Indeedee|Indeedee-F, F|100/100
|-damage|p2a: Indeedee|88/100|[from] Stealth Rock
|-fieldstart|move: Psychic Terrain|[from] ability: Psychic Surge|[of] p2a: Indeedee
|move|p1a: ResidentSleeper|Hydro Pump|p2a: Indeedee
|-damage|p2a: Indeedee|56/100
|
|upkeep
|turn|10
|
|move|p2a: Indeedee|Future Sight|p1a: ResidentSleeper
|-start|p2a: Indeedee|move: Future Sight
|move|p1a: ResidentSleeper|Shadow Ball|p2a: Indeedee
|-immune|p2a: Indeedee
|
|upkeep
|turn|11
|
|switch|p2a: Hydreigon|Hydreigon, M|68/100 tox
|-damage|p2a: Hydreigon|56/100 tox|[from] Stealth Rock
|move|p1a: ResidentSleeper|Hydro Pump|p2a: Hydreigon
|-resisted|p2a: Hydreigon
|-damage|p2a: Hydreigon|42/100 tox
|
|-heal|p2a: Hydreigon|48/100 tox|[from] item: Leftovers
|-damage|p2a: Hydreigon|42/100 tox|[from] psn
|upkeep
|turn|12
|
|switch|p1a: 140 Turn Game|Ferrothorn, F|100/100
|move|p2a: Hydreigon|Flash Cannon|p1a: 140 Turn Game
|-resisted|p1a: 140 Turn Game
|-damage|p1a: 140 Turn Game|89/100
|
|-end|p1a: 140 Turn Game|move: Future Sight
|-resisted|p1a: 140 Turn Game
|-damage|p1a: 140 Turn Game|58/100
|-heal|p2a: Hydreigon|48/100 tox|[from] item: Leftovers
|-heal|p1a: 140 Turn Game|64/100|[from] item: Leftovers
|-damage|p2a: Hydreigon|36/100 tox|[from] psn
|upkeep
|turn|13
|
|switch|p2a: Indeedee|Indeedee-F, F|56/100
|-damage|p2a: Indeedee|43/100|[from] Stealth Rock
|move|p1a: 140 Turn Game|Leech Seed|p2a: Indeedee
|-start|p2a: Indeedee|move: Leech Seed
|
|-heal|p1a: 140 Turn Game|70/100|[from] item: Leftovers
|-damage|p2a: Indeedee|31/100|[from] Leech Seed|[of] p1a: 140 Turn Game
|-heal|p1a: 140 Turn Game|80/100|[silent]
|-fieldend|move: Psychic Terrain
|upkeep
|turn|14
|
|move|p2a: Indeedee|Mystical Fire|p1a: 140 Turn Game
|-supereffective|p1a: 140 Turn Game
|-damage|p1a: 140 Turn Game|0 fnt
|faint|p1a: 140 Turn Game
|
|upkeep
|
|switch|p1a: 3 Hours Wasted|Mandibuzz, F|100/100
|turn|15
|
|switch|p2a: Excadrill|Excadrill, M|100/100
|-damage|p2a: Excadrill|97/100|[from] Stealth Rock
|-ability|p2a: Excadrill|Mold Breaker
|move|p1a: 3 Hours Wasted|Knock Off|p2a: Excadrill
|-damage|p2a: Excadrill|65/100
|-enditem|p2a: Excadrill|Leftovers|[from] move: Knock Off|[of] p1a: 3 Hours Wasted
|
|upkeep
|turn|16
|
|switch|p1a: ResidentSleeper|Corsola-Galar, F|100/100
|move|p2a: Excadrill|Rapid Spin|p1a: ResidentSleeper
|-immune|p1a: ResidentSleeper
|
|upkeep
|turn|17
|
|switch|p2a: Indeedee|Indeedee-F, F|31/100
|-damage|p2a: Indeedee|18/100|[from] Stealth Rock
|-fieldstart|move: Psychic Terrain|[from] ability: Psychic Surge|[of] p2a: Indeedee
|move|p1a: ResidentSleeper|Hydro Pump|p2a: Indeedee
|-damage|p2a: Indeedee|0 fnt
|faint|p2a: Indeedee
|
|upkeep
|
|switch|p2a: Hydreigon|Hydreigon, M|36/100 tox
|-damage|p2a: Hydreigon|23/100 tox|[from] Stealth Rock
|turn|18
|
|switch|p1a: Zero Fun|Toxapex, M|100/100
|move|p2a: Hydreigon|Dark Pulse|p1a: Zero Fun
|-damage|p1a: Zero Fun|69/100
|
|-heal|p2a: Hydreigon|29/100 tox|[from] item: Leftovers
|-heal|p1a: Zero Fun|75/100|[from] item: Black Sludge
|-damage|p2a: Hydreigon|23/100 tox|[from] psn
|upkeep
|turn|19
|
|move|p2a: Hydreigon|Dark Pulse|p1a: Zero Fun
|-damage|p1a: Zero Fun|44/100
|move|p1a: Zero Fun|Sludge Bomb|p2a: Hydreigon
|-damage|p2a: Hydreigon|3/100 tox
|
|-heal|p2a: Hydreigon|9/100 tox|[from] item: Leftovers
|-heal|p1a: Zero Fun|50/100|[from] item: Black Sludge
|-damage|p2a: Hydreigon|0 fnt|[from] psn
|faint|p2a: Hydreigon
|upkeep
|
|switch|p2a: Rotom|Rotom-Heat|56/100
|-damage|p2a: Rotom|31/100|[from] Stealth Rock
|turn|20
|
|switch|p1a: Gen 8 Sucks|Hatterene, F|80/100
|move|p2a: Rotom|Volt Switch|p1a: Gen 8 Sucks
|-damage|p1a: Gen 8 Sucks|60/100
|
|switch|p2a: Excadrill|Excadrill, M|65/100|[from]move: Volt Switch
|-damage|p2a: Excadrill|62/100|[from] Stealth Rock
|-ability|p2a: Excadrill|Mold Breaker
|
|upkeep
|turn|21
|
|switch|p1a: 3 Hours Wasted|Mandibuzz, F|100/100
|move|p2a: Excadrill|Swords Dance|p2a: Excadrill
|-boost|p2a: Excadrill|atk|2
|
|-fieldend|move: Psychic Terrain
|upkeep
|turn|22
|
|move|p2a: Excadrill|Iron Head|p1a: 3 Hours Wasted
|-damage|p1a: 3 Hours Wasted|49/100
|move|p1a: 3 Hours Wasted|Taunt|p2a: Excadrill
|-start|p2a: Excadrill|move: Taunt
|
|-heal|p1a: 3 Hours Wasted|55/100|[from] item: Leftovers
|upkeep
|turn|23
|
|move|p2a: Excadrill|Iron Head|p1a: 3 Hours Wasted
|-damage|p1a: 3 Hours Wasted|10/100
|move|p1a: 3 Hours Wasted|Roost|p1a: 3 Hours Wasted
|-heal|p1a: 3 Hours Wasted|60/100
|-singleturn|p1a: 3 Hours Wasted|move: Roost
|
|-heal|p1a: 3 Hours Wasted|66/100|[from] item: Leftovers
|upkeep
|turn|24
|
|switch|p1a: ResidentSleeper|Corsola-Galar, F|100/100
|move|p2a: Excadrill|Iron Head|p1a: ResidentSleeper
|-damage|p1a: ResidentSleeper|35/100
|-start|p2a: Excadrill|Disable|Iron Head|[from] ability: Cursed Body|[of] p1a: ResidentSleeper
|
|upkeep
|turn|25
|
|switch|p1a: Zero Fun|Toxapex, M|83/100
|move|p2a: Excadrill|Earthquake|p1a: Zero Fun
|-supereffective|p1a: Zero Fun
|-damage|p1a: Zero Fun|0 fnt
|faint|p1a: Zero Fun
|
|-end|p2a: Excadrill|move: Taunt
|upkeep
|-message|KirbStompGA forfeited.
|
|win|R4444
|l|☆KirbStompGA
|raw|KirbStompGA's rating: 1100 → 1077(-23 for losing)
|raw|R4444's rating: 1129 → 1152(+23 for winning)
