|ScrapeTime|2020-01-01-21:08:31
|j|☆Coach Paddy
|j|☆AnAron304
|player|p1|Coach Paddy|209|1358
|player|p2|AnAron304|266|1347
|teamsize|p1|6
|teamsize|p2|6
|gametype|singles
|gen|8
|tier|[Gen 8] OU
|rated|
|rule|Sleep Clause Mod: Limit one foe put to sleep
|rule|Species Clause: Limit one of each Pokémon
|rule|OHKO Clause: OHKO moves are banned
|rule|Evasion Moves Clause: Evasion moves are banned
|rule|Endless Battle Clause: Forcing endless battles is banned
|rule|HP Percentage Mod: HP is shown in percentages
|clearpoke
|poke|p1|Toxtricity, M|
|poke|p1|Seismitoad, M|
|poke|p1|Corviknight, F|
|poke|p1|Hydreigon, M|
|poke|p1|Clefable, M|
|poke|p1|Aegislash, F|
|poke|p2|Toxapex, M|
|poke|p2|Grimmsnarl, M|
|poke|p2|Toxtricity-Low-Key, M|
|poke|p2|Conkeldurr, M|
|poke|p2|Hydreigon, F|
|poke|p2|Cinderace, M|
|rule|Dynamax Clause: You cannot dynamax
|teampreview
|
|start
|switch|p1a: Toxtricity|Toxtricity, M|100/100
|switch|p2a: Hydreigon|Hydreigon, F|100/100
|turn|1
|inactive|Battle timer is ON: inactive players will automatically lose when time's up. (requested by Coach Paddy)
|inactive|AnAron304 has 120 seconds left.
|
|switch|p1a: Clefable|Clefable, M|100/100
|move|p2a: Hydreigon|Dark Pulse|p1a: Clefable
|-resisted|p1a: Clefable
|-damage|p1a: Clefable|82/100
|
|upkeep
|turn|2
|
|switch|p2a: Toxapex|Toxapex, M|100/100
|move|p1a: Clefable|Thunderbolt|p2a: Toxapex
|-supereffective|p2a: Toxapex
|-damage|p2a: Toxapex|45/100
|
|-heal|p2a: Toxapex|51/100|[from] item: Black Sludge
|upkeep
|turn|3
|
|move|p2a: Toxapex|Baneful Bunker|p2a: Toxapex
|-singleturn|p2a: Toxapex|move: Protect
|move|p1a: Clefable|Flamethrower|p2a: Toxapex
|-activate|p2a: Toxapex|move: Protect
|
|-heal|p2a: Toxapex|57/100|[from] item: Black Sludge
|upkeep
|turn|4
|
|switch|p2a: Toxtricity|Toxtricity-Low-Key, M|100/100
|move|p1a: Clefable|Thunderbolt|p2a: Toxtricity
|-resisted|p2a: Toxtricity
|-crit|p2a: Toxtricity
|-damage|p2a: Toxtricity|57/100
|
|upkeep
|turn|5
|inactive|AnAron304 has 120 seconds left.
|
|switch|p1a: Seismitoad|Seismitoad, M|100/100
|move|p2a: Toxtricity|Volt Switch|p1a: Seismitoad
|-immune|p1a: Seismitoad
|
|upkeep
|turn|6
|inactive|Coach Paddy has 120 seconds left.
|
|switch|p2a: Hydreigon|Hydreigon, F|100/100
|switch|p1a: Toxtricity|Toxtricity, M|100/100
|
|upkeep
|turn|7
|inactive|Coach Paddy has 120 seconds left.
|
|move|p2a: Hydreigon|Flash Cannon|p1a: Toxtricity
|-resisted|p1a: Toxtricity
|-damage|p1a: Toxtricity|79/100
|move|p1a: Toxtricity|Overdrive|p2a: Hydreigon
|-resisted|p2a: Hydreigon
|-damage|p2a: Hydreigon|57/100
|
|-heal|p2a: Hydreigon|63/100|[from] item: Leftovers
|upkeep
|turn|8
|inactive|Coach Paddy has 120 seconds left.
|
|switch|p1a: Clefable|Clefable, M|82/100
|move|p2a: Hydreigon|Dark Pulse|p1a: Clefable
|-resisted|p1a: Clefable
|-damage|p1a: Clefable|61/100
|
|-heal|p2a: Hydreigon|69/100|[from] item: Leftovers
|upkeep
|turn|9
|inactive|Coach Paddy has 120 seconds left.
|
|switch|p1a: Hydreigon|Hydreigon, M|100/100
|move|p2a: Hydreigon|Substitute|p2a: Hydreigon
|-start|p2a: Hydreigon|Substitute
|-damage|p2a: Hydreigon|44/100
|
|-heal|p2a: Hydreigon|50/100|[from] item: Leftovers
|upkeep
|turn|10
|
|move|p1a: Hydreigon|U-turn|p2a: Hydreigon
|-supereffective|p2a: Hydreigon
|-crit|p2a: Hydreigon
|-end|p2a: Hydreigon|Substitute
|
|switch|p1a: Corviknight|Corviknight, F|100/100|[from]move: U-turn
|move|p2a: Hydreigon|Flash Cannon|p1a: Corviknight
|-resisted|p1a: Corviknight
|-damage|p1a: Corviknight|89/100
|
|-heal|p2a: Hydreigon|56/100|[from] item: Leftovers
|-heal|p1a: Corviknight|95/100|[from] item: Leftovers
|upkeep
|turn|11
|
|switch|p2a: Toxtricity|Toxtricity-Low-Key, M|57/100
|move|p1a: Corviknight|Body Press|p2a: Toxtricity
|-resisted|p2a: Toxtricity
|-damage|p2a: Toxtricity|40/100
|
|-heal|p1a: Corviknight|100/100|[from] item: Leftovers
|upkeep
|turn|12
|
|switch|p1a: Aegislash|Aegislash, F|100/100
|move|p2a: Toxtricity|Boomburst|p1a: Aegislash
|-immune|p1a: Aegislash
|
|upkeep
|turn|13
|inactive|AnAron304 has 120 seconds left.
|
|switch|p2a: Grimmsnarl|Grimmsnarl, M|100/100
|switch|p1a: Toxtricity|Toxtricity, M|79/100
|
|upkeep
|turn|14
|inactive|AnAron304 has 120 seconds left.
|inactive|AnAron304 has 90 seconds left.
|
|move|p1a: Toxtricity|Boomburst|p2a: Grimmsnarl
|-damage|p2a: Grimmsnarl|0 fnt
|faint|p2a: Grimmsnarl
|
|upkeep
|
|switch|p2a: Cinderace|Cinderace, M|100/100
|turn|15
|
|switch|p1a: Seismitoad|Seismitoad, M|100/100
|move|p2a: Cinderace|Pyro Ball|p1a: Seismitoad
|-resisted|p1a: Seismitoad
|-damage|p1a: Seismitoad|80/100
|
|-heal|p1a: Seismitoad|86/100|[from] item: Leftovers
|upkeep
|turn|16
|
|move|p2a: Cinderace|U-turn|p1a: Seismitoad
|-damage|p1a: Seismitoad|69/100
|
|switch|p2a: Hydreigon|Hydreigon, F|56/100|[from]move: U-turn
|move|p1a: Seismitoad|Stealth Rock|p2a: Hydreigon
|-sidestart|p2: AnAron304|move: Stealth Rock
|
|-heal|p2a: Hydreigon|62/100|[from] item: Leftovers
|-heal|p1a: Seismitoad|75/100|[from] item: Leftovers
|upkeep
|turn|17
|
|switch|p1a: Corviknight|Corviknight, F|100/100
|move|p2a: Hydreigon|Substitute|p2a: Hydreigon
|-start|p2a: Hydreigon|Substitute
|-damage|p2a: Hydreigon|37/100
|
|-heal|p2a: Hydreigon|44/100|[from] item: Leftovers
|upkeep
|turn|18
|
|move|p2a: Hydreigon|Dark Pulse|p1a: Corviknight
|-damage|p1a: Corviknight|68/100
|move|p1a: Corviknight|Body Press|p2a: Hydreigon
|-supereffective|p2a: Hydreigon
|-end|p2a: Hydreigon|Substitute
|
|-heal|p2a: Hydreigon|50/100|[from] item: Leftovers
|-heal|p1a: Corviknight|74/100|[from] item: Leftovers
|upkeep
|turn|19
|
|switch|p2a: Toxapex|Toxapex, M|91/100
|-damage|p2a: Toxapex|78/100|[from] Stealth Rock
|move|p1a: Corviknight|Body Press|p2a: Toxapex
|-resisted|p2a: Toxapex
|-damage|p2a: Toxapex|71/100
|
|-heal|p1a: Corviknight|81/100|[from] item: Leftovers
|-heal|p2a: Toxapex|77/100|[from] item: Black Sludge
|upkeep
|turn|20
|
|switch|p1a: Toxtricity|Toxtricity, M|79/100
|move|p2a: Toxapex|Scald|p1a: Toxtricity
|-damage|p1a: Toxtricity|53/100
|
|-heal|p2a: Toxapex|84/100|[from] item: Black Sludge
|upkeep
|turn|21
|
|move|p2a: Toxapex|Baneful Bunker|p2a: Toxapex
|-singleturn|p2a: Toxapex|move: Protect
|move|p1a: Toxtricity|Overdrive|p2a: Toxapex
|-activate|p2a: Toxapex|move: Protect
|
|-heal|p2a: Toxapex|90/100|[from] item: Black Sludge
|upkeep
|turn|22
|
|switch|p2a: Cinderace|Cinderace, M|100/100
|move|p1a: Toxtricity|Overdrive|p2a: Cinderace
|-damage|p2a: Cinderace|0 fnt
|faint|p2a: Cinderace
|
|upkeep
|inactive|AnAron304 has 60 seconds left.
|
|switch|p2a: Hydreigon|Hydreigon, F|50/100
|-damage|p2a: Hydreigon|37/100|[from] Stealth Rock
|turn|23
|
|switch|p1a: Corviknight|Corviknight, F|81/100
|move|p2a: Hydreigon|Dark Pulse|p1a: Corviknight
|-damage|p1a: Corviknight|50/100
|
|-heal|p2a: Hydreigon|44/100|[from] item: Leftovers
|-heal|p1a: Corviknight|57/100|[from] item: Leftovers
|upkeep
|turn|24
|
|switch|p2a: Conkeldurr|Conkeldurr, M|100/100
|-damage|p2a: Conkeldurr|94/100|[from] Stealth Rock
|move|p1a: Corviknight|Body Press|p2a: Conkeldurr
|-damage|p2a: Conkeldurr|75/100
|
|-heal|p1a: Corviknight|63/100|[from] item: Leftovers
|-status|p2a: Conkeldurr|brn|[from] item: Flame Orb
|upkeep
|turn|25
|
|switch|p1a: Aegislash|Aegislash, F|100/100
|move|p2a: Conkeldurr|Drain Punch|p1a: Aegislash
|-immune|p1a: Aegislash
|
|-damage|p2a: Conkeldurr|69/100 brn|[from] brn
|upkeep
|turn|26
|
|move|p1a: Aegislash|King's Shield|p1a: Aegislash
|-singleturn|p1a: Aegislash|Protect
|move|p2a: Conkeldurr|Earthquake|p1a: Aegislash
|-activate|p1a: Aegislash|move: Protect
|
|-damage|p2a: Conkeldurr|63/100 brn|[from] brn
|upkeep
|turn|27
|
|switch|p1a: Corviknight|Corviknight, F|63/100
|move|p2a: Conkeldurr|Earthquake|p1a: Corviknight
|-immune|p1a: Corviknight
|
|-heal|p1a: Corviknight|69/100|[from] item: Leftovers
|-damage|p2a: Conkeldurr|57/100 brn|[from] brn
|upkeep
|turn|28
|
|switch|p1a: Aegislash|Aegislash, F|100/100
|move|p2a: Conkeldurr|Drain Punch|p1a: Aegislash
|-immune|p1a: Aegislash
|
|-damage|p2a: Conkeldurr|51/100 brn|[from] brn
|upkeep
|turn|29
|
|move|p1a: Aegislash|King's Shield|p1a: Aegislash
|-singleturn|p1a: Aegislash|Protect
|move|p2a: Conkeldurr|Earthquake|p1a: Aegislash
|-activate|p1a: Aegislash|move: Protect
|
|-damage|p2a: Conkeldurr|45/100 brn|[from] brn
|upkeep
|turn|30
|
|switch|p1a: Seismitoad|Seismitoad, M|75/100
|move|p2a: Conkeldurr|Drain Punch|p1a: Seismitoad
|-damage|p1a: Seismitoad|26/100
|-heal|p2a: Conkeldurr|70/100 brn|[from] drain|[of] p1a: Seismitoad
|
|-heal|p1a: Seismitoad|32/100|[from] item: Leftovers
|-damage|p2a: Conkeldurr|64/100 brn|[from] brn
|upkeep
|turn|31
|
|move|p1a: Seismitoad|Protect|p1a: Seismitoad
|-singleturn|p1a: Seismitoad|Protect
|move|p2a: Conkeldurr|Earthquake|p1a: Seismitoad
|-activate|p1a: Seismitoad|move: Protect
|
|-heal|p1a: Seismitoad|38/100|[from] item: Leftovers
|-damage|p2a: Conkeldurr|58/100 brn|[from] brn
|upkeep
|turn|32
|
|move|p1a: Seismitoad|Scald|p2a: Conkeldurr
|-damage|p2a: Conkeldurr|28/100 brn
|move|p2a: Conkeldurr|Drain Punch|p1a: Seismitoad
|-crit|p1a: Seismitoad
|-damage|p1a: Seismitoad|0 fnt
|-heal|p2a: Conkeldurr|47/100 brn|[from] drain|[of] p1a: Seismitoad
|faint|p1a: Seismitoad
|
|-damage|p2a: Conkeldurr|41/100 brn|[from] brn
|upkeep
|
|switch|p1a: Clefable|Clefable, M|61/100
|turn|33
|
|switch|p2a: Toxtricity|Toxtricity-Low-Key, M|40/100
|-damage|p2a: Toxtricity|27/100|[from] Stealth Rock
|move|p1a: Clefable|Moonblast|p2a: Toxtricity
|-resisted|p2a: Toxtricity
|-damage|p2a: Toxtricity|0 fnt
|faint|p2a: Toxtricity
|
|upkeep
|
|switch|p2a: Hydreigon|Hydreigon, F|44/100
|-damage|p2a: Hydreigon|31/100|[from] Stealth Rock
|turn|34
|
|move|p2a: Hydreigon|Flash Cannon|p1a: Clefable
|-supereffective|p1a: Clefable
|-damage|p1a: Clefable|6/100
|move|p1a: Clefable|Moonblast|p2a: Hydreigon
|-supereffective|p2a: Hydreigon
|-damage|p2a: Hydreigon|0 fnt
|faint|p2a: Hydreigon
|
|upkeep
|-message|AnAron304 forfeited.
|
|win|Coach Paddy
|l|☆AnAron304
