|ScrapeTime|2020-01-01-19:39:19
|j|☆menfist
|j|☆NicoNullFear
|player|p1|menfist|265|1000
|player|p2|NicoNullFear|grimsley-gen7|1000
|teamsize|p1|6
|teamsize|p2|6
|gametype|singles
|gen|8
|tier|[Gen 8] OU
|rated|
|rule|Sleep Clause Mod: Limit one foe put to sleep
|rule|Species Clause: Limit one of each Pokémon
|rule|OHKO Clause: OHKO moves are banned
|rule|Evasion Moves Clause: Evasion moves are banned
|rule|Endless Battle Clause: Forcing endless battles is banned
|rule|HP Percentage Mod: HP is shown in percentages
|clearpoke
|poke|p1|Dragapult, F|
|poke|p1|Grimmsnarl, M|
|poke|p1|Dugtrio, M|
|poke|p1|Toxapex, F|
|poke|p1|Cinderace, F|
|poke|p1|Toxtricity, F|
|poke|p2|Barraskewda, F|
|poke|p2|Corviknight, F|
|poke|p2|Rotom-Heat|
|poke|p2|Excadrill, F|
|poke|p2|Hatterene, F|
|poke|p2|Hydreigon, M|
|rule|Dynamax Clause: You cannot dynamax
|teampreview
|
|start
|switch|p1a: Toxtricity|Toxtricity, F|100/100
|switch|p2a: Corviknight|Corviknight, F|100/100
|-ability|p2a: Corviknight|Pressure
|turn|1
|
|switch|p2a: Excadrill|Excadrill, F|100/100
|-ability|p2a: Excadrill|Mold Breaker
|move|p1a: Toxtricity|Volt Switch|p2a: Excadrill
|-immune|p2a: Excadrill
|
|upkeep
|turn|2
|
|switch|p1a: Dugtrio|Dugtrio, M|100/100
|move|p2a: Excadrill|Earthquake|p1a: Dugtrio
|-enditem|p1a: Dugtrio|Focus Sash
|-damage|p1a: Dugtrio|1/100
|
|upkeep
|turn|3
|
|move|p1a: Dugtrio|Reversal|p2a: Excadrill
|-supereffective|p2a: Excadrill
|-enditem|p2a: Excadrill|Focus Sash
|-damage|p2a: Excadrill|1/100
|move|p2a: Excadrill|Rapid Spin|p1a: Dugtrio
|-damage|p1a: Dugtrio|0 fnt
|-boost|p2a: Excadrill|spe|1
|faint|p1a: Dugtrio
|
|upkeep
|
|switch|p1a: Cinderace|Cinderace, F|100/100
|turn|4
|
|move|p2a: Excadrill|Earthquake|p1a: Cinderace
|-supereffective|p1a: Cinderace
|-damage|p1a: Cinderace|0 fnt
|faint|p1a: Cinderace
|
|upkeep
|
|switch|p1a: Dragapult|Dragapult, F|100/100
|turn|5
|
|move|p2a: Excadrill|Stealth Rock|p1a: Dragapult
|-sidestart|p1: menfist|move: Stealth Rock
|move|p1a: Dragapult|Fire Blast|p2a: Excadrill
|-supereffective|p2a: Excadrill
|-damage|p2a: Excadrill|0 fnt
|faint|p2a: Excadrill
|
|upkeep
|
|switch|p2a: Hatterene|Hatterene, F|100/100
|turn|6
|inactive|Battle timer is ON: inactive players will automatically lose when time's up. (requested by NicoNullFear)
|
|switch|p1a: Toxapex|Toxapex, F|100/100
|-damage|p1a: Toxapex|88/100|[from] Stealth Rock
|move|p2a: Hatterene|Trick Room|p2a: Hatterene
|-fieldstart|move: Trick Room|[of] p2a: Hatterene
|
|-heal|p1a: Toxapex|94/100|[from] item: Black Sludge
|upkeep
|turn|7
|
|move|p2a: Hatterene|Psychic|p1a: Toxapex
|-supereffective|p1a: Toxapex
|-damage|p1a: Toxapex|3/100
|move|p1a: Toxapex|Toxic Spikes|p2a: Hatterene
|move|p2a: Hatterene|Toxic Spikes|p1a: Toxapex|[from]Magic Bounce
|-sidestart|p1: menfist|move: Toxic Spikes
|
|-heal|p1a: Toxapex|10/100|[from] item: Black Sludge
|upkeep
|turn|8
|
|switch|p1a: Grimmsnarl|Grimmsnarl, M|100/100
|-status|p1a: Grimmsnarl|psn
|-damage|p1a: Grimmsnarl|88/100 psn|[from] Stealth Rock
|move|p2a: Hatterene|Dazzling Gleam|p1a: Grimmsnarl
|-supereffective|p1a: Grimmsnarl
|-damage|p1a: Grimmsnarl|0 fnt
|faint|p1a: Grimmsnarl
|
|upkeep
|-message|menfist forfeited.
|
|win|NicoNullFear
|l|☆menfist
|raw|menfist's rating: 1000 → 1000(+0 for losing)
|raw|NicoNullFear's rating: 1047 → 1076(+29 for winning)
