|ScrapeTime|2020-01-02-02:24:43
|j|☆AEduardo07
|j|☆nkE#Qsddasdasc
|player|p1|AEduardo07|n|1130
|player|p2|nkE#Qsddasdasc|camper|1156
|teamsize|p1|6
|teamsize|p2|6
|gametype|singles
|gen|8
|tier|[Gen 8] OU
|rated|
|rule|Sleep Clause Mod: Limit one foe put to sleep
|rule|Species Clause: Limit one of each Pokémon
|rule|OHKO Clause: OHKO moves are banned
|rule|Evasion Moves Clause: Evasion moves are banned
|rule|Endless Battle Clause: Forcing endless battles is banned
|rule|HP Percentage Mod: HP is shown in percentages
|clearpoke
|poke|p1|Eiscue, M|
|poke|p1|Dragapult, M|
|poke|p1|Dracovish|
|poke|p1|Falinks|
|poke|p1|Rapidash-Galar, F|
|poke|p1|Corviknight, F|
|poke|p2|Corviknight, M|
|poke|p2|Cursola, F|
|poke|p2|Mr. Mime-Galar, M|
|poke|p2|Inteleon, F|
|poke|p2|Trapinch, M|
|poke|p2|Weezing-Galar, M|
|rule|Dynamax Clause: You cannot dynamax
|teampreview
|
|start
|switch|p1a: Death|Corviknight, F, shiny|100/100
|switch|p2a: Mr. Mime|Mr. Mime-Galar, M|100/100
|-ability|p1a: Death|Pressure
|turn|1
|inactive|Battle timer is ON: inactive players will automatically lose when time's up. (requested by nkE#Qsddasdasc)
|
|move|p2a: Mr. Mime|Reflect|p2a: Mr. Mime
|-sidestart|p2: nkE#Qsddasdasc|Reflect
|move|p1a: Death|Bulk Up|p1a: Death
|-boost|p1a: Death|atk|1
|-boost|p1a: Death|def|1
|
|upkeep
|turn|2
|
|move|p2a: Mr. Mime|Encore|p1a: Death
|-start|p1a: Death|Encore
|move|p1a: Death|Bulk Up|p1a: Death
|-boost|p1a: Death|atk|1
|-boost|p1a: Death|def|1
|
|upkeep
|turn|3
|
|move|p2a: Mr. Mime|Light Screen|p2a: Mr. Mime
|-sidestart|p2: nkE#Qsddasdasc|move: Light Screen
|move|p1a: Death|Bulk Up|p1a: Death
|-boost|p1a: Death|atk|1
|-boost|p1a: Death|def|1
|
|upkeep
|turn|4
|
|move|p2a: Mr. Mime|Freeze-Dry|p1a: Death
|-damage|p1a: Death|68/100
|move|p1a: Death|Bulk Up|p1a: Death
|-boost|p1a: Death|atk|1
|-boost|p1a: Death|def|1
|
|-heal|p1a: Death|75/100|[from] item: Leftovers
|-end|p1a: Death|Encore
|upkeep
|turn|5
|
|move|p2a: Mr. Mime|Encore|p1a: Death
|-start|p1a: Death|Encore
|move|p1a: Death|Bulk Up|p1a: Death
|-boost|p1a: Death|atk|1
|-boost|p1a: Death|def|1
|
|-heal|p1a: Death|81/100|[from] item: Leftovers
|-sideend|p2: nkE#Qsddasdasc|Reflect
|upkeep
|turn|6
|
|move|p2a: Mr. Mime|Freeze-Dry|p1a: Death
|-damage|p1a: Death|48/100
|move|p1a: Death|Bulk Up|p1a: Death
|-boost|p1a: Death|atk|1
|-boost|p1a: Death|def|1
|
|-heal|p1a: Death|54/100|[from] item: Leftovers
|upkeep
|turn|7
|
|move|p2a: Mr. Mime|Freeze-Dry|p1a: Death
|-damage|p1a: Death|20/100
|move|p1a: Death|Bulk Up|p1a: Death
|-boost|p1a: Death|atk|0
|-boost|p1a: Death|def|0
|
|-heal|p1a: Death|27/100|[from] item: Leftovers
|-end|p1a: Death|Encore
|-sideend|p2: nkE#Qsddasdasc|move: Light Screen
|upkeep
|turn|8
|
|move|p2a: Mr. Mime|Freeze-Dry|p1a: Death
|-damage|p1a: Death|0 fnt
|faint|p1a: Death
|
|upkeep
|
|switch|p1a: Franco|Falinks|100/100
|turn|9
|
|move|p2a: Mr. Mime|Reflect|p2a: Mr. Mime
|-sidestart|p2: nkE#Qsddasdasc|Reflect
|move|p1a: Franco|Throat Chop|p2a: Mr. Mime
|-supereffective|p2a: Mr. Mime
|-damage|p2a: Mr. Mime|57/100
|-start|p2a: Mr. Mime|Throat Chop|[silent]
|-damage|p1a: Franco|91/100|[from] item: Life Orb
|
|upkeep
|turn|10
|
|move|p2a: Mr. Mime|Light Screen|p2a: Mr. Mime
|-sidestart|p2: nkE#Qsddasdasc|move: Light Screen
|move|p1a: Franco|Close Combat|p2a: Mr. Mime
|-damage|p2a: Mr. Mime|15/100
|-unboost|p1a: Franco|def|1
|-unboost|p1a: Franco|spd|1
|-damage|p1a: Franco|81/100|[from] item: Life Orb
|
|-end|p2a: Mr. Mime|Throat Chop|[silent]
|upkeep
|turn|11
|
|move|p2a: Mr. Mime|Encore|p1a: Franco
|-start|p1a: Franco|Encore
|move|p1a: Franco|Close Combat|p2a: Mr. Mime
|-damage|p2a: Mr. Mime|0 fnt
|-unboost|p1a: Franco|def|1
|-unboost|p1a: Franco|spd|1
|-damage|p1a: Franco|71/100|[from] item: Life Orb
|faint|p2a: Mr. Mime
|
|upkeep
|
|switch|p2a: Cursola|Cursola, F|100/100
|turn|12
|
|move|p1a: Franco|Close Combat|p2a: Cursola
|-immune|p2a: Cursola
|move|p2a: Cursola|Will-O-Wisp|p1a: Franco
|-status|p1a: Franco|brn
|
|-damage|p1a: Franco|65/100 brn|[from] brn
|upkeep
|turn|13
|
|move|p1a: Franco|Close Combat|p2a: Cursola
|-immune|p2a: Cursola
|move|p2a: Cursola|Hex|p1a: Franco
|-damage|p1a: Franco|0 fnt
|faint|p1a: Franco
|
|-sideend|p2: nkE#Qsddasdasc|Reflect
|upkeep
|
|switch|p1a: Lance|Dragapult, M|100/100
|turn|14
|
|move|p1a: Lance|Shadow Ball|p2a: Cursola
|-supereffective|p2a: Cursola
|-damage|p2a: Cursola|23/100
|-damage|p1a: Lance|91/100|[from] item: Life Orb
|move|p2a: Cursola|Will-O-Wisp|p1a: Lance
|-status|p1a: Lance|brn
|
|-heal|p2a: Cursola|30/100|[from] item: Leftovers
|-damage|p1a: Lance|85/100 brn|[from] brn
|-sideend|p2: nkE#Qsddasdasc|move: Light Screen
|upkeep
|turn|15
|
|switch|p2a: Corviknight|Corviknight, M|100/100
|-ability|p2a: Corviknight|Pressure
|move|p1a: Lance|Shadow Ball|p2a: Corviknight
|-damage|p2a: Corviknight|67/100
|-damage|p1a: Lance|75/100 brn|[from] item: Life Orb
|
|-heal|p2a: Corviknight|73/100|[from] item: Leftovers
|-damage|p1a: Lance|69/100 brn|[from] brn
|upkeep
|turn|16
|
|move|p1a: Lance|Thunderbolt|p2a: Corviknight
|-supereffective|p2a: Corviknight
|-damage|p2a: Corviknight|22/100
|-damage|p1a: Lance|59/100 brn|[from] item: Life Orb
|move|p2a: Corviknight|Roost|p2a: Corviknight
|-heal|p2a: Corviknight|72/100
|-singleturn|p2a: Corviknight|move: Roost
|
|-heal|p2a: Corviknight|78/100|[from] item: Leftovers
|-damage|p1a: Lance|53/100 brn|[from] brn
|upkeep
|turn|17
|
|move|p1a: Lance|Thunderbolt|p2a: Corviknight
|-supereffective|p2a: Corviknight
|-damage|p2a: Corviknight|29/100
|-damage|p1a: Lance|43/100 brn|[from] item: Life Orb
|move|p2a: Corviknight|Brave Bird|p1a: Lance
|-damage|p1a: Lance|0 fnt
|-damage|p2a: Corviknight|18/100|[from] Recoil
|faint|p1a: Lance
|
|-heal|p2a: Corviknight|24/100|[from] item: Leftovers
|upkeep
|-message|AEduardo07 forfeited.
|
|win|nkE#Qsddasdasc
|l|☆AEduardo07
|raw|AEduardo07's rating: 1130 → 1107(-23 for losing)
|raw|nkE#Qsddasdasc's rating: 1156 → 1180(+24 for winning)
