|ScrapeTime|2020-01-01-18:25:49
|j|☆Helpinghans
|j|☆jeanmilapipe
|player|p1|Helpinghans|pilot|1833
|player|p2|jeanmilapipe|n|1673
|teamsize|p1|6
|teamsize|p2|6
|gametype|singles
|gen|8
|tier|[Gen 8] OU
|rated|
|rule|Sleep Clause Mod: Limit one foe put to sleep
|rule|Species Clause: Limit one of each Pokémon
|rule|OHKO Clause: OHKO moves are banned
|rule|Evasion Moves Clause: Evasion moves are banned
|rule|Endless Battle Clause: Forcing endless battles is banned
|rule|HP Percentage Mod: HP is shown in percentages
|clearpoke
|poke|p1|Tyranitar, F|
|poke|p1|Excadrill, M|
|poke|p1|Hatterene, F|
|poke|p1|Reuniclus, F|
|poke|p1|Ferrothorn, F|
|poke|p1|Toxapex, M|
|poke|p2|Bisharp, M|
|poke|p2|Conkeldurr, M|
|poke|p2|Cinderace, F|
|poke|p2|Seismitoad, M|
|poke|p2|Crawdaunt, M|
|poke|p2|Corviknight, F|
|rule|Dynamax Clause: You cannot dynamax
|teampreview
|inactive|Battle timer is ON: inactive players will automatically lose when time's up. (requested by Helpinghans)
|inactive|jeanmilapipe has 120 seconds left.
|
|start
|switch|p1a: StuGIII Ausf.H|Ferrothorn, F|100/100
|switch|p2a: big daddy|Conkeldurr, M|100/100
|turn|1
|
|switch|p1a: 8.8cm Flak36|Hatterene, F|100/100
|move|p2a: big daddy|Bulk Up|p2a: big daddy
|-boost|p2a: big daddy|atk|1
|-boost|p2a: big daddy|def|1
|
|-status|p2a: big daddy|brn|[from] item: Flame Orb
|upkeep
|turn|2
|
|move|p2a: big daddy|Earthquake|p1a: 8.8cm Flak36
|-damage|p1a: 8.8cm Flak36|30/100
|move|p1a: 8.8cm Flak36|Psychic|p2a: big daddy
|-supereffective|p2a: big daddy
|-damage|p2a: big daddy|15/100 brn
|
|-heal|p1a: 8.8cm Flak36|36/100|[from] item: Leftovers
|-damage|p2a: big daddy|8/100 brn|[from] brn
|upkeep
|turn|3
|
|switch|p1a: Fallschirms|Excadrill, M|100/100
|-item|p1a: Fallschirms|Air Balloon
|move|p2a: big daddy|Earthquake|p1a: Fallschirms
|-immune|p1a: Fallschirms
|
|-damage|p2a: big daddy|2/100 brn|[from] brn
|upkeep
|turn|4
|
|switch|p1a: Flakviering36|Toxapex, M|100/100
|move|p2a: big daddy|Earthquake|p1a: Flakviering36
|-supereffective|p1a: Flakviering36
|-damage|p1a: Flakviering36|0 fnt
|faint|p1a: Flakviering36
|
|-damage|p2a: big daddy|0 fnt|[from] brn
|faint|p2a: big daddy
|upkeep
|
|switch|p2a: secondpotopavard|Cinderace, F|100/100
|switch|p1a: StuGIII Ausf.H|Ferrothorn, F|100/100
|turn|5
|
|move|p1a: StuGIII Ausf.H|Protect|p1a: StuGIII Ausf.H
|-singleturn|p1a: StuGIII Ausf.H|Protect
|move|p2a: secondpotopavard|Pyro Ball|p1a: StuGIII Ausf.H
|-activate|p1a: StuGIII Ausf.H|move: Protect
|
|upkeep
|turn|6
|
|switch|p1a: BattlegruppeA|Reuniclus, F|100/100
|move|p2a: secondpotopavard|Pyro Ball|p1a: BattlegruppeA
|-crit|p1a: BattlegruppeA
|-damage|p1a: BattlegruppeA|3/100
|
|-heal|p1a: BattlegruppeA|10/100|[from] item: Leftovers
|upkeep
|turn|7
|
|switch|p1a: Pz.KpfwVI Ausf.E|Tyranitar, F|100/100
|-weather|Sandstorm|[from] ability: Sand Stream|[of] p1a: Pz.KpfwVI Ausf.E
|move|p2a: secondpotopavard|Pyro Ball|p1a: Pz.KpfwVI Ausf.E
|-resisted|p1a: Pz.KpfwVI Ausf.E
|-damage|p1a: Pz.KpfwVI Ausf.E|69/100
|
|-weather|Sandstorm|[upkeep]
|-damage|p2a: secondpotopavard|95/100|[from] Sandstorm
|upkeep
|turn|8
|
|switch|p2a: lando 2.0|Corviknight, F|100/100
|-ability|p2a: lando 2.0|Pressure
|switch|p1a: Fallschirms|Excadrill, M|100/100
|-item|p1a: Fallschirms|Air Balloon
|
|-weather|Sandstorm|[upkeep]
|upkeep
|turn|9
|
|move|p1a: Fallschirms|Swords Dance|p1a: Fallschirms
|-boost|p1a: Fallschirms|atk|2
|move|p2a: lando 2.0|U-turn|p1a: Fallschirms
|-resisted|p1a: Fallschirms
|-damage|p1a: Fallschirms|90/100
|-enditem|p1a: Fallschirms|Air Balloon
|
|switch|p2a: prepare your ass|Crawdaunt, M|100/100|[from]move: U-turn
|
|-weather|Sandstorm|[upkeep]
|-damage|p2a: prepare your ass|94/100|[from] Sandstorm
|upkeep
|turn|10
|
|move|p1a: Fallschirms|Earthquake|p2a: prepare your ass
|-damage|p2a: prepare your ass|0 fnt
|faint|p2a: prepare your ass
|
|-weather|Sandstorm|[upkeep]
|upkeep
|
|switch|p2a: lando 2.0|Corviknight, F|100/100
|-ability|p2a: lando 2.0|Pressure
|turn|11
|
|move|p1a: Fallschirms|Rapid Spin|p2a: lando 2.0
|-resisted|p2a: lando 2.0
|-damage|p2a: lando 2.0|90/100
|-boost|p1a: Fallschirms|spe|1
|move|p2a: lando 2.0|Brave Bird|p1a: Fallschirms
|-resisted|p1a: Fallschirms
|-damage|p1a: Fallschirms|64/100
|-damage|p2a: lando 2.0|82/100|[from] Recoil
|
|-weather|none
|-heal|p2a: lando 2.0|89/100|[from] item: Leftovers
|upkeep
|turn|12
|
|move|p1a: Fallschirms|Iron Head|p2a: lando 2.0
|-resisted|p2a: lando 2.0
|-damage|p2a: lando 2.0|65/100
|move|p2a: lando 2.0|Brave Bird|p1a: Fallschirms
|-resisted|p1a: Fallschirms
|-damage|p1a: Fallschirms|36/100
|-damage|p2a: lando 2.0|57/100|[from] Recoil
|
|-heal|p2a: lando 2.0|63/100|[from] item: Leftovers
|upkeep
|turn|13
|
|move|p1a: Fallschirms|Swords Dance|p1a: Fallschirms
|-boost|p1a: Fallschirms|atk|2
|move|p2a: lando 2.0|Roost|p2a: lando 2.0
|-heal|p2a: lando 2.0|100/100
|-singleturn|p2a: lando 2.0|move: Roost
|
|upkeep
|turn|14
|
|move|p1a: Fallschirms|Iron Head|p2a: lando 2.0
|-resisted|p2a: lando 2.0
|-damage|p2a: lando 2.0|65/100
|cant|p2a: lando 2.0|flinch
|
|-heal|p2a: lando 2.0|72/100|[from] item: Leftovers
|upkeep
|turn|15
|
|move|p1a: Fallschirms|Iron Head|p2a: lando 2.0
|-resisted|p2a: lando 2.0
|-damage|p2a: lando 2.0|32/100
|cant|p2a: lando 2.0|flinch
|
|-heal|p2a: lando 2.0|38/100|[from] item: Leftovers
|upkeep
|turn|16
|
|move|p1a: Fallschirms|Iron Head|p2a: lando 2.0
|-resisted|p2a: lando 2.0
|-damage|p2a: lando 2.0|0 fnt
|faint|p2a: lando 2.0
|
|upkeep
|
|switch|p2a: no need knock of|Bisharp, M|100/100
|turn|17
|
|switch|p1a: StuGIII Ausf.H|Ferrothorn, F|100/100
|move|p2a: no need knock of|Sucker Punch||[still]
|-fail|p2a: no need knock of
|
|upkeep
|turn|18
|
|switch|p2a: secondpotopavard|Cinderace, F|95/100
|move|p1a: StuGIII Ausf.H|Body Press|p2a: secondpotopavard
|-damage|p2a: secondpotopavard|50/100
|
|upkeep
|turn|19
|
|move|p1a: StuGIII Ausf.H|Protect|p1a: StuGIII Ausf.H
|-singleturn|p1a: StuGIII Ausf.H|Protect
|move|p2a: secondpotopavard|Pyro Ball|p1a: StuGIII Ausf.H
|-activate|p1a: StuGIII Ausf.H|move: Protect
|
|upkeep
|turn|20
|
|switch|p1a: BattlegruppeA|Reuniclus, F|10/100
|move|p2a: secondpotopavard|Pyro Ball|p1a: BattlegruppeA
|-damage|p1a: BattlegruppeA|0 fnt
|faint|p1a: BattlegruppeA
|
|upkeep
|
|switch|p1a: Pz.KpfwVI Ausf.E|Tyranitar, F|69/100
|-weather|Sandstorm|[from] ability: Sand Stream|[of] p1a: Pz.KpfwVI Ausf.E
|turn|21
|
|switch|p2a: ronaldo|Seismitoad, M|100/100
|move|p1a: Pz.KpfwVI Ausf.E|Crunch|p2a: ronaldo
|-damage|p2a: ronaldo|65/100
|
|-weather|Sandstorm|[upkeep]
|-heal|p2a: ronaldo|71/100|[from] item: Leftovers
|upkeep
|turn|22
|
|switch|p2a: secondpotopavard|Cinderace, F|50/100
|switch|p1a: StuGIII Ausf.H|Ferrothorn, F|100/100
|
|-weather|Sandstorm|[upkeep]
|-damage|p2a: secondpotopavard|44/100|[from] Sandstorm
|upkeep
|turn|23
|
|switch|p1a: 8.8cm Flak36|Hatterene, F|36/100
|move|p2a: secondpotopavard|Pyro Ball|p1a: 8.8cm Flak36
|-damage|p1a: 8.8cm Flak36|0 fnt
|faint|p1a: 8.8cm Flak36
|
|-weather|Sandstorm|[upkeep]
|-damage|p2a: secondpotopavard|38/100|[from] Sandstorm
|upkeep
|
|switch|p1a: Fallschirms|Excadrill, M|36/100
|turn|24
|
|switch|p2a: ronaldo|Seismitoad, M|71/100
|move|p1a: Fallschirms|Earthquake|p2a: ronaldo
|-damage|p2a: ronaldo|18/100
|
|-weather|Sandstorm|[upkeep]
|-heal|p2a: ronaldo|24/100|[from] item: Leftovers
|upkeep
|turn|25
|j| 198xad
|inactive|jeanmilapipe has 120 seconds left.
|
|move|p1a: Fallschirms|Earthquake|p2a: ronaldo
|-damage|p2a: ronaldo|0 fnt
|faint|p2a: ronaldo
|
|-weather|none
|upkeep
|j| mikooko
|
|switch|p2a: secondpotopavard|Cinderace, F|38/100
|turn|26
|
|switch|p1a: Pz.KpfwVI Ausf.E|Tyranitar, F|69/100
|-weather|Sandstorm|[from] ability: Sand Stream|[of] p1a: Pz.KpfwVI Ausf.E
|move|p2a: secondpotopavard|High Jump Kick|p1a: Pz.KpfwVI Ausf.E|[miss]
|-miss|p2a: secondpotopavard|p1a: Pz.KpfwVI Ausf.E
|-damage|p2a: secondpotopavard|0 fnt|[from] highjumpkick
|faint|p2a: secondpotopavard
|
|-weather|Sandstorm|[upkeep]
|upkeep
|
|switch|p2a: no need knock of|Bisharp, M|100/100
|turn|27
|
|switch|p1a: StuGIII Ausf.H|Ferrothorn, F|100/100
|move|p2a: no need knock of|Swords Dance|p2a: no need knock of
|-boost|p2a: no need knock of|atk|2
|
|-weather|Sandstorm|[upkeep]
|upkeep
|turn|28
|
|move|p2a: no need knock of|Throat Chop|p1a: StuGIII Ausf.H
|-damage|p1a: StuGIII Ausf.H|48/100
|-damage|p2a: no need knock of|88/100|[from] ability: Iron Barbs|[of] p1a: StuGIII Ausf.H
|-start|p1a: StuGIII Ausf.H|Throat Chop|[silent]
|move|p1a: StuGIII Ausf.H|Body Press|p2a: no need knock of
|-supereffective|p2a: no need knock of
|-damage|p2a: no need knock of|0 fnt
|faint|p2a: no need knock of
|
|win|Helpinghans
|raw|Helpinghans's rating: 1813 → 1825(+12 for winning)
|raw|jeanmilapipe's rating: 1673 → 1661(-12 for losing)
