|ScrapeTime|2020-01-01-08:45:28
|j|☆Super7ayian
|j|☆Shakunjin
|player|p1|Super7ayian|cynthia-gen4|1072
|player|p2|Shakunjin|169|1051
|teamsize|p1|6
|teamsize|p2|6
|gametype|singles
|gen|8
|tier|[Gen 8] OU
|rated|
|rule|Sleep Clause Mod: Limit one foe put to sleep
|rule|Species Clause: Limit one of each Pokémon
|rule|OHKO Clause: OHKO moves are banned
|rule|Evasion Moves Clause: Evasion moves are banned
|rule|Endless Battle Clause: Forcing endless battles is banned
|rule|HP Percentage Mod: HP is shown in percentages
|clearpoke
|poke|p1|Haxorus, F|
|poke|p1|Mandibuzz, F|
|poke|p1|Excadrill, F|
|poke|p1|Cinderace, M|
|poke|p1|Dragapult, F|
|poke|p1|Espeon, F|
|poke|p2|Galvantula, M|
|poke|p2|Duraludon, F|
|poke|p2|Aegislash, F|
|poke|p2|Ditto|
|poke|p2|Dracozolt|
|poke|p2|Eldegoss, F|
|rule|Dynamax Clause: You cannot dynamax
|teampreview
|
|start
|switch|p1a: Speedster|Cinderace, M|100/100
|switch|p2a: Duraludon|Duraludon, F|100/100
|turn|1
|
|move|p1a: Speedster|Bulk Up|p1a: Speedster
|-boost|p1a: Speedster|atk|1
|-boost|p1a: Speedster|def|1
|move|p2a: Duraludon|Draco Meteor|p1a: Speedster
|-damage|p1a: Speedster|0 fnt
|-unboost|p2a: Duraludon|spa|2
|faint|p1a: Speedster
|
|upkeep
|
|switch|p1a: Blade Teeth|Haxorus, F, shiny|100/100
|-ability|p1a: Blade Teeth|Mold Breaker
|turn|2
|
|move|p2a: Duraludon|Draco Meteor|p1a: Blade Teeth
|-supereffective|p1a: Blade Teeth
|-damage|p1a: Blade Teeth|0 fnt
|-unboost|p2a: Duraludon|spa|2
|faint|p1a: Blade Teeth
|
|upkeep
|
|switch|p1a: Blade Fingers|Excadrill, F|100/100
|-ability|p1a: Blade Fingers|Mold Breaker
|-item|p1a: Blade Fingers|Air Balloon
|turn|3
|
|switch|p2a: Eldegoss|Eldegoss, F|100/100
|move|p1a: Blade Fingers|Swords Dance|p1a: Blade Fingers
|-boost|p1a: Blade Fingers|atk|2
|
|upkeep
|turn|4
|
|move|p1a: Blade Fingers|Iron Head|p2a: Eldegoss
|-damage|p2a: Eldegoss|22/100
|move|p2a: Eldegoss|Energy Ball|p1a: Blade Fingers
|-damage|p1a: Blade Fingers|68/100
|-enditem|p1a: Blade Fingers|Air Balloon
|
|-heal|p2a: Eldegoss|28/100|[from] item: Leftovers
|upkeep
|turn|5
|
|switch|p2a: Duraludon|Duraludon, F|100/100
|move|p1a: Blade Fingers|Swords Dance|p1a: Blade Fingers
|-boost|p1a: Blade Fingers|atk|2
|
|upkeep
|turn|6
|
|move|p1a: Blade Fingers|Earthquake|p2a: Duraludon
|-supereffective|p2a: Duraludon
|-damage|p2a: Duraludon|0 fnt
|faint|p2a: Duraludon
|
|upkeep
|
|switch|p2a: Ditto|Ditto|100/100
|-transform|p2a: Ditto|p1a: Blade Fingers|[from] ability: Imposter
|-ability|p2a: Ditto|Mold Breaker
|turn|7
|
|switch|p1a: Mother|Mandibuzz, F|100/100
|move|p2a: Ditto|Iron Head|p1a: Mother
|-damage|p1a: Mother|25/100
|
|-heal|p1a: Mother|32/100|[from] item: Leftovers
|upkeep
|turn|8
|
|move|p2a: Ditto|Iron Head|p1a: Mother
|-crit|p1a: Mother
|-damage|p1a: Mother|0 fnt
|faint|p1a: Mother
|
|upkeep
|
|switch|p1a: Pink Cat|Espeon, F|100/100
|turn|9
|
|move|p1a: Pink Cat|Protect|p1a: Pink Cat
|-singleturn|p1a: Pink Cat|Protect
|move|p2a: Ditto|Iron Head|p1a: Pink Cat
|-activate|p1a: Pink Cat|move: Protect
|
|upkeep
|turn|10
|
|move|p2a: Ditto|Iron Head|p1a: Pink Cat
|-damage|p1a: Pink Cat|0 fnt
|faint|p1a: Pink Cat
|
|upkeep
|
|switch|p1a: Dragon Head|Dragapult, F|100/100
|turn|11
|
|move|p2a: Ditto|Iron Head|p1a: Dragon Head
|-damage|p1a: Dragon Head|0 fnt
|faint|p1a: Dragon Head
|
|upkeep
|
|switch|p1a: Blade Fingers|Excadrill, F|68/100
|-ability|p1a: Blade Fingers|Mold Breaker
|turn|12
|
|-activate|p2a: Ditto|move: Struggle
|move|p2a: Ditto|Struggle|p1a: Blade Fingers
|-damage|p1a: Blade Fingers|0 fnt
|-damage|p2a: Ditto|75/100|[from] recoil
|faint|p1a: Blade Fingers
|
|win|Shakunjin
|raw|Super7ayian's rating: 1072 → 1050(-22 for losing)
|raw|Shakunjin's rating: 1051 → 1085(+34 for winning)
