|ScrapeTime|2020-01-02-23:56:52
|j|☆NoUsernameForMe
|j|☆I JUST USE OP MONS
|player|p1|NoUsernameForMe|veteran|1368
|player|p2|I JUST USE OP MONS|pokefan-gen4|1322
|teamsize|p1|6
|teamsize|p2|6
|gametype|singles
|gen|8
|tier|[Gen 8] OU
|rated|
|rule|Sleep Clause Mod: Limit one foe put to sleep
|rule|Species Clause: Limit one of each Pokémon
|rule|OHKO Clause: OHKO moves are banned
|rule|Evasion Moves Clause: Evasion moves are banned
|rule|Endless Battle Clause: Forcing endless battles is banned
|rule|HP Percentage Mod: HP is shown in percentages
|clearpoke
|poke|p1|Haxorus, F|
|poke|p1|Corviknight, F|
|poke|p1|Clefable, M|
|poke|p1|Runerigus, M|
|poke|p1|Maractus, M|
|poke|p1|Rotom-Wash|
|poke|p2|Excadrill, M|
|poke|p2|Toxapex, F|
|poke|p2|Gyarados, M|
|poke|p2|Rotom-Heat|
|poke|p2|Gengar, M|
|poke|p2|Hydreigon, F|
|rule|Dynamax Clause: You cannot dynamax
|teampreview
|inactive|Battle timer is ON: inactive players will automatically lose when time's up. (requested by I JUST USE OP MONS)
|inactive|NoUsernameForMe has 120 seconds left.
|inactive|NoUsernameForMe has 90 seconds left.
|
|start
|switch|p1a: Runerigus|Runerigus, M|100/100
|switch|p2a: Hydreigon|Hydreigon, F|100/100
|turn|1
|
|switch|p1a: Clefable|Clefable, M|100/100
|move|p2a: Hydreigon|Dark Pulse|p1a: Clefable
|-resisted|p1a: Clefable
|-damage|p1a: Clefable|88/100
|
|-heal|p1a: Clefable|94/100|[from] item: Leftovers
|upkeep
|turn|2
|
|switch|p2a: Excadrill|Excadrill, M|100/100
|-ability|p2a: Excadrill|Mold Breaker
|move|p1a: Clefable|Moonblast|p2a: Excadrill
|-resisted|p2a: Excadrill
|-damage|p2a: Excadrill|80/100
|
|-heal|p1a: Clefable|99/100|[from] item: Leftovers
|upkeep
|turn|3
|
|switch|p1a: Runerigus|Runerigus, M|100/100
|move|p2a: Excadrill|Stealth Rock|p1a: Runerigus
|-sidestart|p1: NoUsernameForMe|move: Stealth Rock
|
|upkeep
|turn|4
|
|switch|p2a: Gyarados|Gyarados, M|100/100
|move|p1a: Runerigus|Stealth Rock|p2a: Gyarados
|-sidestart|p2: I JUST USE OP MONS|move: Stealth Rock
|
|upkeep
|turn|5
|
|move|p2a: Gyarados|Dragon Dance|p2a: Gyarados
|-boost|p2a: Gyarados|atk|1
|-boost|p2a: Gyarados|spe|1
|move|p1a: Runerigus|Will-O-Wisp|p2a: Gyarados
|-status|p2a: Gyarados|brn
|
|-damage|p2a: Gyarados|94/100 brn|[from] brn
|upkeep
|turn|6
|
|switch|p1a: Rotom|Rotom-Wash|100/100
|-damage|p1a: Rotom|88/100|[from] Stealth Rock
|move|p2a: Gyarados|Dragon Dance|p2a: Gyarados
|-boost|p2a: Gyarados|atk|1
|-boost|p2a: Gyarados|spe|1
|
|-damage|p2a: Gyarados|88/100 brn|[from] brn
|upkeep
|turn|7
|
|move|p2a: Gyarados|Power Whip|p1a: Rotom
|-supereffective|p1a: Rotom
|-damage|p1a: Rotom|0 fnt
|faint|p1a: Rotom
|-ability|p2a: Gyarados|Moxie|boost
|-boost|p2a: Gyarados|atk|1
|
|-damage|p2a: Gyarados|82/100 brn|[from] brn
|upkeep
|
|switch|p1a: Maractus|Maractus, M|100/100
|-damage|p1a: Maractus|88/100|[from] Stealth Rock
|turn|8
|
|move|p1a: Maractus|Sucker Punch|p2a: Gyarados
|-crit|p2a: Gyarados
|-damage|p2a: Gyarados|44/100 brn
|-damage|p1a: Maractus|78/100|[from] item: Life Orb
|move|p2a: Gyarados|Earthquake|p1a: Maractus
|-resisted|p1a: Maractus
|-damage|p1a: Maractus|52/100
|
|-damage|p2a: Gyarados|38/100 brn|[from] brn
|upkeep
|turn|9
|
|move|p2a: Gyarados|Dragon Dance|p2a: Gyarados
|-boost|p2a: Gyarados|atk|1
|-boost|p2a: Gyarados|spe|1
|move|p1a: Maractus|Giga Drain|p2a: Gyarados
|-damage|p2a: Gyarados|0 fnt
|-heal|p1a: Maractus|70/100|[from] drain|[of] p2a: Gyarados
|-damage|p1a: Maractus|60/100|[from] item: Life Orb
|faint|p2a: Gyarados
|
|upkeep
|
|switch|p2a: Rotom|Rotom-Heat|100/100
|-damage|p2a: Rotom|75/100|[from] Stealth Rock
|turn|10
|
|switch|p1a: Clefable|Clefable, M|99/100
|move|p2a: Rotom|Thunder Wave|p1a: Clefable
|-status|p1a: Clefable|par
|
|-heal|p1a: Clefable|100/100 par|[from] item: Leftovers
|upkeep
|turn|11
|
|move|p2a: Rotom|Volt Switch|p1a: Clefable
|-damage|p1a: Clefable|84/100 par
|
|switch|p2a: Excadrill|Excadrill, M|80/100|[from]move: Volt Switch
|-damage|p2a: Excadrill|76/100|[from] Stealth Rock
|-ability|p2a: Excadrill|Mold Breaker
|move|p1a: Clefable|Moonblast|p2a: Excadrill
|-resisted|p2a: Excadrill
|-damage|p2a: Excadrill|54/100
|
|-heal|p1a: Clefable|90/100 par|[from] item: Leftovers
|upkeep
|turn|12
|
|switch|p1a: Runerigus|Runerigus, M|100/100
|-damage|p1a: Runerigus|94/100|[from] Stealth Rock
|move|p2a: Excadrill|Earthquake|p1a: Runerigus
|-damage|p1a: Runerigus|52/100
|
|upkeep
|turn|13
|
|switch|p2a: Gengar|Gengar, M|100/100
|-damage|p2a: Gengar|88/100|[from] Stealth Rock
|move|p1a: Runerigus|Earthquake|p2a: Gengar
|-supereffective|p2a: Gengar
|-damage|p2a: Gengar|0 fnt
|faint|p2a: Gengar
|
|upkeep
|inactive|I JUST USE OP MONS has 120 seconds left.
|
|switch|p2a: Toxapex|Toxapex, F|100/100
|-damage|p2a: Toxapex|88/100|[from] Stealth Rock
|turn|14
|
|move|p2a: Toxapex|Scald|p1a: Runerigus
|-supereffective|p1a: Runerigus
|-damage|p1a: Runerigus|24/100
|-enditem|p1a: Runerigus|Sitrus Berry|[eat]
|-heal|p1a: Runerigus|49/100|[from] item: Sitrus Berry
|move|p1a: Runerigus|Will-O-Wisp|p2a: Toxapex|[miss]
|-miss|p1a: Runerigus|p2a: Toxapex
|
|-heal|p2a: Toxapex|94/100|[from] item: Black Sludge
|upkeep
|turn|15
|
|switch|p1a: Maractus|Maractus, M|60/100
|-damage|p1a: Maractus|47/100|[from] Stealth Rock
|move|p2a: Toxapex|Scald|p1a: Maractus
|-heal|p1a: Maractus|72/100|[from] ability: Water Absorb|[of] p2a: Toxapex
|
|-heal|p2a: Toxapex|100/100|[from] item: Black Sludge
|upkeep
|turn|16
|inactive|I JUST USE OP MONS has 120 seconds left.
|
|move|p2a: Toxapex|Baneful Bunker|p2a: Toxapex
|-singleturn|p2a: Toxapex|move: Protect
|move|p1a: Maractus|Giga Drain|p2a: Toxapex
|-activate|p2a: Toxapex|move: Protect
|
|upkeep
|turn|17
|inactive|I JUST USE OP MONS has 120 seconds left.
|
|switch|p2a: Hydreigon|Hydreigon, F|100/100
|-damage|p2a: Hydreigon|88/100|[from] Stealth Rock
|move|p1a: Maractus|Giga Drain|p2a: Hydreigon
|-resisted|p2a: Hydreigon
|-damage|p2a: Hydreigon|60/100
|-heal|p1a: Maractus|85/100|[from] drain|[of] p2a: Hydreigon
|-damage|p1a: Maractus|75/100|[from] item: Life Orb
|
|upkeep
|turn|18
|inactive|I JUST USE OP MONS has 120 seconds left.
|
|switch|p1a: Clefable|Clefable, M|90/100 par
|move|p2a: Hydreigon|Flamethrower|p1a: Clefable
|-damage|p1a: Clefable|69/100 par
|
|-heal|p1a: Clefable|76/100 par|[from] item: Leftovers
|upkeep
|turn|19
|inactive|I JUST USE OP MONS has 120 seconds left.
|
|switch|p2a: Toxapex|Toxapex, F|100/100
|-damage|p2a: Toxapex|88/100|[from] Stealth Rock
|move|p1a: Clefable|Flamethrower|p2a: Toxapex
|-resisted|p2a: Toxapex
|-damage|p2a: Toxapex|81/100
|
|-heal|p2a: Toxapex|87/100|[from] item: Black Sludge
|-heal|p1a: Clefable|82/100 par|[from] item: Leftovers
|upkeep
|turn|20
|inactive|I JUST USE OP MONS has 120 seconds left.
|
|switch|p1a: Haxorus|Haxorus, F|100/100
|-damage|p1a: Haxorus|88/100|[from] Stealth Rock
|-ability|p1a: Haxorus|Mold Breaker
|move|p2a: Toxapex|Scald|p1a: Haxorus
|-resisted|p1a: Haxorus
|-damage|p1a: Haxorus|77/100
|
|-heal|p2a: Toxapex|93/100|[from] item: Black Sludge
|upkeep
|turn|21
|inactive|I JUST USE OP MONS has 120 seconds left.
|
|switch|p1a: Maractus|Maractus, M|75/100
|-damage|p1a: Maractus|63/100|[from] Stealth Rock
|move|p2a: Toxapex|Baneful Bunker||[still]
|-fail|p2a: Toxapex
|
|-heal|p2a: Toxapex|99/100|[from] item: Black Sludge
|upkeep
|turn|22
|inactive|I JUST USE OP MONS has 120 seconds left.
|
|move|p1a: Maractus|Giga Drain|p2a: Toxapex
|-damage|p2a: Toxapex|66/100
|-heal|p1a: Maractus|77/100|[from] drain|[of] p2a: Toxapex
|-damage|p1a: Maractus|67/100|[from] item: Life Orb
|move|p2a: Toxapex|Scald|p1a: Maractus
|-heal|p1a: Maractus|92/100|[from] ability: Water Absorb|[of] p2a: Toxapex
|
|-heal|p2a: Toxapex|72/100|[from] item: Black Sludge
|upkeep
|turn|23
|inactive|I JUST USE OP MONS has 90 seconds left.
|
|switch|p2a: Rotom|Rotom-Heat|75/100
|-damage|p2a: Rotom|50/100|[from] Stealth Rock
|move|p1a: Maractus|Giga Drain|p2a: Rotom
|-resisted|p2a: Rotom
|-damage|p2a: Rotom|23/100
|-heal|p1a: Maractus|100/100|[from] drain|[of] p2a: Rotom
|-enditem|p2a: Rotom|Wiki Berry|[eat]
|-heal|p2a: Rotom|56/100|[from] item: Wiki Berry
|-damage|p1a: Maractus|91/100|[from] item: Life Orb
|
|upkeep
|turn|24
|inactive|I JUST USE OP MONS has 90 seconds left.
|
|switch|p1a: Runerigus|Runerigus, M|49/100
|-damage|p1a: Runerigus|42/100|[from] Stealth Rock
|move|p2a: Rotom|Overheat|p1a: Runerigus
|-damage|p1a: Runerigus|3/100
|-unboost|p2a: Rotom|spa|2
|
|upkeep
|turn|25
|inactive|I JUST USE OP MONS has 90 seconds left.
|
|move|p2a: Rotom|Overheat|p1a: Runerigus
|-damage|p1a: Runerigus|0 fnt
|-unboost|p2a: Rotom|spa|2
|faint|p1a: Runerigus
|
|upkeep
|
|switch|p1a: Haxorus|Haxorus, F|77/100
|-damage|p1a: Haxorus|64/100|[from] Stealth Rock
|-ability|p1a: Haxorus|Mold Breaker
|turn|26
|inactive|I JUST USE OP MONS has 90 seconds left.
|
|switch|p2a: Toxapex|Toxapex, F|100/100
|-damage|p2a: Toxapex|88/100|[from] Stealth Rock
|move|p1a: Haxorus|Earthquake|p2a: Toxapex
|-supereffective|p2a: Toxapex
|-damage|p2a: Toxapex|14/100
|
|-heal|p2a: Toxapex|20/100|[from] item: Black Sludge
|upkeep
|turn|27
|
|move|p2a: Toxapex|Baneful Bunker|p2a: Toxapex
|-singleturn|p2a: Toxapex|move: Protect
|move|p1a: Haxorus|Earthquake|p2a: Toxapex
|-activate|p2a: Toxapex|move: Protect
|
|-heal|p2a: Toxapex|26/100|[from] item: Black Sludge
|upkeep
|turn|28
|
|switch|p2a: Rotom|Rotom-Heat|56/100
|-damage|p2a: Rotom|31/100|[from] Stealth Rock
|move|p1a: Haxorus|Earthquake|p2a: Rotom
|-supereffective|p2a: Rotom
|-damage|p2a: Rotom|0 fnt
|faint|p2a: Rotom
|
|upkeep
|
|switch|p2a: Hydreigon|Hydreigon, F|60/100
|-damage|p2a: Hydreigon|48/100|[from] Stealth Rock
|turn|29
|
|switch|p1a: Clefable|Clefable, M|82/100 par
|move|p2a: Hydreigon|Flamethrower|p1a: Clefable
|-damage|p1a: Clefable|62/100 par
|
|-heal|p1a: Clefable|68/100 par|[from] item: Leftovers
|upkeep
|turn|30
|
|move|p2a: Hydreigon|Flamethrower|p1a: Clefable
|-damage|p1a: Clefable|47/100 par
|cant|p1a: Clefable|par
|
|-heal|p1a: Clefable|53/100 par|[from] item: Leftovers
|upkeep
|turn|31
|
|switch|p2a: Toxapex|Toxapex, F|59/100
|-damage|p2a: Toxapex|47/100|[from] Stealth Rock
|move|p1a: Clefable|Moonblast|p2a: Toxapex
|-resisted|p2a: Toxapex
|-damage|p2a: Toxapex|35/100
|
|-heal|p2a: Toxapex|42/100|[from] item: Black Sludge
|-heal|p1a: Clefable|60/100 par|[from] item: Leftovers
|upkeep
|turn|32
|
|move|p2a: Toxapex|Scald|p1a: Clefable
|-damage|p1a: Clefable|47/100 par
|move|p1a: Clefable|Moonlight|p1a: Clefable
|-heal|p1a: Clefable|97/100 par
|
|-heal|p2a: Toxapex|48/100|[from] item: Black Sludge
|-heal|p1a: Clefable|100/100 par|[from] item: Leftovers
|upkeep
|turn|33
|
|switch|p1a: Maractus|Maractus, M|91/100
|-damage|p1a: Maractus|78/100|[from] Stealth Rock
|move|p2a: Toxapex|Scald|p1a: Maractus
|-heal|p1a: Maractus|100/100|[from] ability: Water Absorb|[of] p2a: Toxapex
|
|-heal|p2a: Toxapex|54/100|[from] item: Black Sludge
|upkeep
|turn|34
|
|move|p1a: Maractus|Giga Drain|p2a: Toxapex
|-damage|p2a: Toxapex|20/100
|-damage|p1a: Maractus|91/100|[from] item: Life Orb
|move|p2a: Toxapex|Recover|p2a: Toxapex
|-heal|p2a: Toxapex|70/100
|
|-heal|p2a: Toxapex|76/100|[from] item: Black Sludge
|upkeep
|turn|35
|inactive|I JUST USE OP MONS has 60 seconds left.
|
|move|p2a: Toxapex|Baneful Bunker|p2a: Toxapex
|-singleturn|p2a: Toxapex|move: Protect
|move|p1a: Maractus|Giga Drain|p2a: Toxapex
|-activate|p2a: Toxapex|move: Protect
|
|-heal|p2a: Toxapex|83/100|[from] item: Black Sludge
|upkeep
|turn|36
|inactive|I JUST USE OP MONS has 60 seconds left.
|
|switch|p2a: Excadrill|Excadrill, M|54/100
|-damage|p2a: Excadrill|51/100|[from] Stealth Rock
|-ability|p2a: Excadrill|Mold Breaker
|move|p1a: Maractus|Giga Drain|p2a: Excadrill
|-damage|p2a: Excadrill|0 fnt
|-heal|p1a: Maractus|100/100|[from] drain|[of] p2a: Excadrill
|-damage|p1a: Maractus|91/100|[from] item: Life Orb
|faint|p2a: Excadrill
|
|upkeep
|
|switch|p2a: Hydreigon|Hydreigon, F|48/100
|-damage|p2a: Hydreigon|36/100|[from] Stealth Rock
|turn|37
|
|switch|p1a: Clefable|Clefable, M|100/100 par
|move|p2a: Hydreigon|Flamethrower|p1a: Clefable
|-damage|p1a: Clefable|80/100 par
|
|-heal|p1a: Clefable|87/100 par|[from] item: Leftovers
|upkeep
|turn|38
|
|move|p2a: Hydreigon|Flamethrower|p1a: Clefable
|-damage|p1a: Clefable|67/100 par
|move|p1a: Clefable|Moonblast|p2a: Hydreigon
|-supereffective|p2a: Hydreigon
|-damage|p2a: Hydreigon|0 fnt
|faint|p2a: Hydreigon
|
|-heal|p1a: Clefable|73/100 par|[from] item: Leftovers
|upkeep
|c|☆I JUST USE OP MONS|yeah that’s fair. great team
|-message|I JUST USE OP MONS forfeited.
|
|win|NoUsernameForMe
|l|☆I JUST USE OP MONS
|raw|NoUsernameForMe's rating: 1369 → 1386(+17 for winning)
|raw|I JUST USE OP MONS's rating: 1322 → 1305(-17 for losing)
