|ScrapeTime|2020-01-02-04:24:26
|j|☆cjstrickler
|j|☆darkaufeu77
|player|p1|cjstrickler|12|1270
|player|p2|darkaufeu77|163|1325
|teamsize|p1|6
|teamsize|p2|6
|gametype|singles
|gen|8
|tier|[Gen 8] OU
|rated|
|rule|Sleep Clause Mod: Limit one foe put to sleep
|rule|Species Clause: Limit one of each Pokémon
|rule|OHKO Clause: OHKO moves are banned
|rule|Evasion Moves Clause: Evasion moves are banned
|rule|Endless Battle Clause: Forcing endless battles is banned
|rule|HP Percentage Mod: HP is shown in percentages
|clearpoke
|poke|p1|Hippowdon, M|
|poke|p1|Toxtricity, M|
|poke|p1|Mandibuzz, F|
|poke|p1|Rotom-Wash|
|poke|p1|Conkeldurr, M|
|poke|p1|Dracovish|
|poke|p2|Dragapult, M|
|poke|p2|Dracozolt|
|poke|p2|Ferrothorn, M|
|poke|p2|Cinderace, F|
|poke|p2|Dracovish|
|poke|p2|Corviknight, F|
|rule|Dynamax Clause: You cannot dynamax
|teampreview
|
|start
|switch|p1a: Rotom|Rotom-Wash|100/100
|switch|p2a: Dracovish|Dracovish|100/100
|turn|1
|
|move|p2a: Dracovish|Outrage|p1a: Rotom
|-damage|p1a: Rotom|48/100
|move|p1a: Rotom|Thunder Wave|p2a: Dracovish
|-status|p2a: Dracovish|par
|
|-heal|p1a: Rotom|54/100|[from] item: Leftovers
|upkeep
|turn|2
|
|move|p1a: Rotom|Volt Switch|p2a: Dracovish
|-damage|p2a: Dracovish|68/100 par
|
|switch|p1a: Mandibuzz|Mandibuzz, F|100/100|[from]move: Volt Switch
|cant|p2a: Dracovish|par
|
|-start|p2a: Dracovish|confusion|[fatigue]
|upkeep
|turn|3
|
|switch|p2a: Ferrothorn|Ferrothorn, M, shiny|100/100
|move|p1a: Mandibuzz|Knock Off|p2a: Ferrothorn
|-damage|p2a: Ferrothorn|85/100
|-damage|p1a: Mandibuzz|88/100|[from] ability: Iron Barbs|[of] p2a: Ferrothorn
|-enditem|p2a: Ferrothorn|Leftovers|[from] move: Knock Off|[of] p1a: Mandibuzz
|
|upkeep
|turn|4
|
|switch|p1a: Conkeldurr|Conkeldurr, M|100/100
|move|p2a: Ferrothorn|Thunder Wave|p1a: Conkeldurr|[miss]
|-miss|p2a: Ferrothorn|p1a: Conkeldurr
|
|upkeep
|turn|5
|
|move|p1a: Conkeldurr|Drain Punch|p2a: Ferrothorn
|-supereffective|p2a: Ferrothorn
|-damage|p2a: Ferrothorn|5/100
|-damage|p1a: Conkeldurr|88/100|[from] ability: Iron Barbs|[of] p2a: Ferrothorn
|-damage|p1a: Conkeldurr|78/100|[from] item: Life Orb
|move|p2a: Ferrothorn|Thunder Wave|p1a: Conkeldurr
|-status|p1a: Conkeldurr|par
|
|upkeep
|turn|6
|
|move|p1a: Conkeldurr|Mach Punch|p2a: Ferrothorn
|-supereffective|p2a: Ferrothorn
|-damage|p2a: Ferrothorn|0 fnt
|-damage|p1a: Conkeldurr|66/100 par|[from] ability: Iron Barbs|[of] p2a: Ferrothorn
|-damage|p1a: Conkeldurr|56/100 par|[from] item: Life Orb
|faint|p2a: Ferrothorn
|
|upkeep
|
|switch|p2a: Dragapult|Dragapult, M|100/100
|turn|7
|
|move|p2a: Dragapult|Draco Meteor|p1a: Conkeldurr
|-damage|p1a: Conkeldurr|0 fnt
|-unboost|p2a: Dragapult|spa|2
|faint|p1a: Conkeldurr
|
|upkeep
|
|switch|p1a: Mandibuzz|Mandibuzz, F|88/100
|turn|8
|
|switch|p2a: Dracozolt|Dracozolt, shiny|100/100
|move|p1a: Mandibuzz|Knock Off|p2a: Dracozolt
|-damage|p2a: Dracozolt|71/100
|-enditem|p2a: Dracozolt|Choice Scarf|[from] move: Knock Off|[of] p1a: Mandibuzz
|
|upkeep
|turn|9
|
|switch|p1a: Hippowdon|Hippowdon, M|100/100
|-weather|Sandstorm|[from] ability: Sand Stream|[of] p1a: Hippowdon
|move|p2a: Dracozolt|Earthquake|p1a: Hippowdon
|-damage|p1a: Hippowdon|76/100
|
|-weather|Sandstorm|[upkeep]
|-damage|p2a: Dracozolt|64/100|[from] Sandstorm
|-heal|p1a: Hippowdon|83/100|[from] item: Leftovers
|upkeep
|turn|10
|
|switch|p2a: Dracovish|Dracovish|68/100 par
|move|p1a: Hippowdon|Stealth Rock|p2a: Dracovish
|-sidestart|p2: darkaufeu77|move: Stealth Rock
|
|-weather|Sandstorm|[upkeep]
|-damage|p2a: Dracovish|62/100 par|[from] Sandstorm
|-heal|p1a: Hippowdon|89/100|[from] item: Leftovers
|upkeep
|turn|11
|
|switch|p1a: Mandibuzz|Mandibuzz, F|88/100
|move|p2a: Dracovish|Fishious Rend|p1a: Mandibuzz
|-damage|p1a: Mandibuzz|0 fnt
|-damage|p2a: Dracovish|46/100 par|[from] item: Rocky Helmet|[of] p1a: Mandibuzz
|faint|p1a: Mandibuzz
|
|-weather|Sandstorm|[upkeep]
|-damage|p2a: Dracovish|39/100 par|[from] Sandstorm
|upkeep
|
|switch|p1a: Rotom|Rotom-Wash|54/100
|turn|12
|
|move|p1a: Rotom|Volt Switch|p2a: Dracovish
|-damage|p2a: Dracovish|6/100 par
|
|switch|p1a: Dracovish|Dracovish|100/100|[from]move: Volt Switch
|move|p2a: Dracovish|Fishious Rend|p1a: Dracovish
|-resisted|p1a: Dracovish
|-damage|p1a: Dracovish|56/100
|
|-weather|Sandstorm|[upkeep]
|-damage|p1a: Dracovish|50/100|[from] Sandstorm
|-damage|p2a: Dracovish|0 fnt|[from] Sandstorm
|faint|p2a: Dracovish
|upkeep
|
|switch|p2a: Dragapult|Dragapult, M|100/100
|-damage|p2a: Dragapult|88/100|[from] Stealth Rock
|turn|13
|
|move|p2a: Dragapult|Draco Meteor|p1a: Dracovish
|-supereffective|p1a: Dracovish
|-damage|p1a: Dracovish|0 fnt
|-unboost|p2a: Dragapult|spa|2
|faint|p1a: Dracovish
|
|-weather|none
|upkeep
|
|switch|p1a: Hippowdon|Hippowdon, M|89/100
|-weather|Sandstorm|[from] ability: Sand Stream|[of] p1a: Hippowdon
|turn|14
|
|switch|p2a: Corviknight|Corviknight, F|100/100
|-damage|p2a: Corviknight|88/100|[from] Stealth Rock
|-ability|p2a: Corviknight|Pressure
|move|p1a: Hippowdon|Whirlwind|p2a: Corviknight
|drag|p2a: Dracozolt|Dracozolt, shiny|64/100
|-damage|p2a: Dracozolt|52/100|[from] Stealth Rock
|
|-weather|Sandstorm|[upkeep]
|-damage|p2a: Dracozolt|46/100|[from] Sandstorm
|-heal|p1a: Hippowdon|95/100|[from] item: Leftovers
|upkeep
|turn|15
|
|move|p2a: Dracozolt|Outrage|p1a: Hippowdon
|-damage|p1a: Hippowdon|50/100
|move|p1a: Hippowdon|Whirlwind|p2a: Dracozolt
|drag|p2a: Dragapult|Dragapult, M|88/100
|-damage|p2a: Dragapult|76/100|[from] Stealth Rock
|
|-weather|Sandstorm|[upkeep]
|-damage|p2a: Dragapult|70/100|[from] Sandstorm
|-heal|p1a: Hippowdon|56/100|[from] item: Leftovers
|upkeep
|turn|16
|inactive|Battle timer is ON: inactive players will automatically lose when time's up. (requested by cjstrickler)
|
|switch|p1a: Rotom|Rotom-Wash|54/100
|move|p2a: Dragapult|Draco Meteor|p1a: Rotom
|-damage|p1a: Rotom|0 fnt
|-unboost|p2a: Dragapult|spa|2
|faint|p1a: Rotom
|
|-weather|Sandstorm|[upkeep]
|-damage|p2a: Dragapult|64/100|[from] Sandstorm
|upkeep
|
|switch|p1a: Toxtricity|Toxtricity, M|100/100
|turn|17
|
|switch|p2a: Dracozolt|Dracozolt, shiny|46/100
|-damage|p2a: Dracozolt|33/100|[from] Stealth Rock
|move|p1a: Toxtricity|Boomburst|p2a: Dracozolt
|-damage|p2a: Dracozolt|0 fnt
|-damage|p1a: Toxtricity|91/100|[from] item: Life Orb
|faint|p2a: Dracozolt
|
|-weather|Sandstorm|[upkeep]
|-damage|p1a: Toxtricity|84/100|[from] Sandstorm
|upkeep
|
|switch|p2a: Dragapult|Dragapult, M|64/100
|-damage|p2a: Dragapult|52/100|[from] Stealth Rock
|turn|18
|
|move|p2a: Dragapult|Draco Meteor|p1a: Toxtricity|[miss]
|-miss|p2a: Dragapult|p1a: Toxtricity
|move|p1a: Toxtricity|Snarl|p2a: Dragapult
|-supereffective|p2a: Dragapult
|-damage|p2a: Dragapult|0 fnt
|-damage|p1a: Toxtricity|74/100|[from] item: Life Orb
|faint|p2a: Dragapult
|
|-weather|none
|upkeep
|
|switch|p2a: Cinderace|Cinderace, F|100/100
|turn|19
|
|switch|p1a: Hippowdon|Hippowdon, M|56/100
|-weather|Sandstorm|[from] ability: Sand Stream|[of] p1a: Hippowdon
|move|p2a: Cinderace|Pyro Ball|p1a: Hippowdon
|-damage|p1a: Hippowdon|22/100
|
|-weather|Sandstorm|[upkeep]
|-damage|p2a: Cinderace|95/100|[from] Sandstorm
|-heal|p1a: Hippowdon|29/100|[from] item: Leftovers
|upkeep
|turn|20
|
|move|p2a: Cinderace|Pyro Ball|p1a: Hippowdon
|-damage|p1a: Hippowdon|0 fnt
|faint|p1a: Hippowdon
|
|-weather|Sandstorm|[upkeep]
|-damage|p2a: Cinderace|89/100|[from] Sandstorm
|upkeep
|
|switch|p1a: Toxtricity|Toxtricity, M|74/100
|turn|21
|
|move|p2a: Cinderace|Pyro Ball|p1a: Toxtricity
|-damage|p1a: Toxtricity|0 fnt
|faint|p1a: Toxtricity
|
|win|darkaufeu77
|l|☆cjstrickler
|c|☆darkaufeu77|gg
|raw|cjstrickler's rating: 1270 → 1248(-22 for losing)
|raw|darkaufeu77's rating: 1307 → 1324(+17 for winning)
