|ScrapeTime|2020-01-01-21:56:45
|j|☆this is jho
|j|☆OPJellicent
|player|p1|this is jho|lucas|1581
|player|p2|OPJellicent|137|1631
|teamsize|p1|6
|teamsize|p2|6
|gametype|singles
|gen|8
|tier|[Gen 8] OU
|rated|
|rule|Sleep Clause Mod: Limit one foe put to sleep
|rule|Species Clause: Limit one of each Pokémon
|rule|OHKO Clause: OHKO moves are banned
|rule|Evasion Moves Clause: Evasion moves are banned
|rule|Endless Battle Clause: Forcing endless battles is banned
|rule|HP Percentage Mod: HP is shown in percentages
|clearpoke
|poke|p1|Obstagoon, M|
|poke|p1|Corviknight, M|
|poke|p1|Dragapult, F|
|poke|p1|Seismitoad, M|
|poke|p1|Rotom-Heat|
|poke|p1|Sylveon, M|
|poke|p2|Noivern, F|
|poke|p2|Heliolisk, M|
|poke|p2|Weavile, M|
|poke|p2|Hatterene, F|
|poke|p2|Corviknight, F|
|poke|p2|Seismitoad, F|
|rule|Dynamax Clause: You cannot dynamax
|teampreview
|inactive|Battle timer is ON: inactive players will automatically lose when time's up. (requested by OPJellicent)
|inactive|OPJellicent has 120 seconds left.
|inactive|this is jho also wants the timer to be on.
|inactive|OPJellicent has 90 seconds left.
|inactive|OPJellicent has 60 seconds left.
|
|start
|switch|p1a: Dragapult|Dragapult, F|100/100
|switch|p2a: Seismitoad|Seismitoad, F|100/100
|turn|1
|
|switch|p1a: Obstagoon|Obstagoon, M|100/100
|move|p2a: Seismitoad|Stealth Rock|p1a: Obstagoon
|-sidestart|p1: this is jho|move: Stealth Rock
|
|-status|p1a: Obstagoon|brn|[from] item: Flame Orb
|upkeep
|turn|2
|
|switch|p2a: Corviknight|Corviknight, F|100/100
|-ability|p2a: Corviknight|Pressure
|move|p1a: Obstagoon|Knock Off|p2a: Corviknight
|-damage|p2a: Corviknight|58/100
|-enditem|p2a: Corviknight|Leftovers|[from] move: Knock Off|[of] p1a: Obstagoon
|
|-damage|p1a: Obstagoon|94/100 brn|[from] brn
|upkeep
|turn|3
|
|move|p1a: Obstagoon|Switcheroo|p2a: Corviknight
|-activate|p1a: Obstagoon|move: Trick|[of] p2a: Corviknight
|-item|p2a: Corviknight|Flame Orb|[from] move: Switcheroo
|-enditem|p1a: Obstagoon|Flame Orb|[silent]|[from] move: Switcheroo
|move|p2a: Corviknight|Roost|p2a: Corviknight
|-heal|p2a: Corviknight|100/100
|-singleturn|p2a: Corviknight|move: Roost
|
|-damage|p1a: Obstagoon|88/100 brn|[from] brn
|-status|p2a: Corviknight|brn|[from] item: Flame Orb
|upkeep
|turn|4
|
|switch|p1a: Corviknight|Corviknight, M|100/100
|-damage|p1a: Corviknight|88/100|[from] Stealth Rock
|-ability|p1a: Corviknight|Pressure
|move|p2a: Corviknight|U-turn|p1a: Corviknight
|-resisted|p1a: Corviknight
|-damage|p1a: Corviknight|87/100
|
|switch|p2a: Heliolisk|Heliolisk, M|100/100|[from]move: U-turn
|
|-heal|p1a: Corviknight|93/100|[from] item: Leftovers
|upkeep
|turn|5
|
|switch|p1a: Dragapult|Dragapult, F|100/100
|-damage|p1a: Dragapult|88/100|[from] Stealth Rock
|move|p2a: Heliolisk|Hyper Voice|p1a: Dragapult
|-immune|p1a: Dragapult
|
|upkeep
|turn|6
|
|switch|p2a: Hatterene|Hatterene, F|100/100
|move|p1a: Dragapult|Fire Blast|p2a: Hatterene
|-damage|p2a: Hatterene|65/100
|
|upkeep
|turn|7
|
|switch|p1a: Sylveon|Sylveon, M|100/100
|-damage|p1a: Sylveon|88/100|[from] Stealth Rock
|move|p2a: Hatterene|Mystical Fire|p1a: Sylveon
|-damage|p1a: Sylveon|72/100
|-unboost|p1a: Sylveon|spa|1
|
|-heal|p1a: Sylveon|78/100|[from] item: Leftovers
|upkeep
|turn|8
|
|move|p1a: Sylveon|Wish|p1a: Sylveon
|move|p2a: Hatterene|Psychic|p1a: Sylveon
|-crit|p1a: Sylveon
|-damage|p1a: Sylveon|34/100
|
|-heal|p1a: Sylveon|40/100|[from] item: Leftovers
|upkeep
|turn|9
|
|move|p1a: Sylveon|Mystical Fire|p2a: Hatterene
|-damage|p2a: Hatterene|56/100
|-unboost|p2a: Hatterene|spa|1
|move|p2a: Hatterene|Dazzling Gleam|p1a: Sylveon
|-damage|p1a: Sylveon|24/100
|
|-heal|p1a: Sylveon|74/100|[from] move: Wish|[wisher] Sylveon
|-heal|p1a: Sylveon|80/100|[from] item: Leftovers
|upkeep
|turn|10
|
|switch|p2a: Heliolisk|Heliolisk, M|100/100
|move|p1a: Sylveon|Wish|p1a: Sylveon
|
|-heal|p1a: Sylveon|86/100|[from] item: Leftovers
|upkeep
|turn|11
|
|move|p1a: Sylveon|Protect|p1a: Sylveon
|-singleturn|p1a: Sylveon|Protect
|move|p2a: Heliolisk|Hyper Voice|p1a: Sylveon
|-activate|p1a: Sylveon|move: Protect
|
|-heal|p1a: Sylveon|100/100|[from] move: Wish|[wisher] Sylveon
|upkeep
|turn|12
|
|switch|p1a: Dragapult|Dragapult, F|88/100
|-damage|p1a: Dragapult|76/100|[from] Stealth Rock
|move|p2a: Heliolisk|Hyper Voice|p1a: Dragapult
|-immune|p1a: Dragapult
|
|upkeep
|turn|13
|
|switch|p2a: Corviknight|Corviknight, F|100/100 brn
|-ability|p2a: Corviknight|Pressure
|move|p1a: Dragapult|Fire Blast|p2a: Corviknight
|-supereffective|p2a: Corviknight
|-damage|p2a: Corviknight|25/100 brn
|
|-damage|p2a: Corviknight|19/100 brn|[from] brn
|upkeep
|turn|14
|
|move|p1a: Dragapult|Fire Blast|p2a: Corviknight
|-supereffective|p2a: Corviknight
|-damage|p2a: Corviknight|0 fnt
|faint|p2a: Corviknight
|
|upkeep
|
|switch|p2a: Weavile|Weavile, M|100/100
|-ability|p2a: Weavile|Pressure
|turn|15
|
|switch|p1a: Rotom|Rotom-Heat|100/100
|move|p2a: Weavile|Icicle Crash|p1a: Rotom|[miss]
|-miss|p2a: Weavile|p1a: Rotom
|
|upkeep
|turn|16
|
|switch|p2a: Seismitoad|Seismitoad, F|100/100
|switch|p1a: Obstagoon|Obstagoon, M|88/100 brn
|-damage|p1a: Obstagoon|76/100 brn|[from] Stealth Rock
|
|-damage|p1a: Obstagoon|70/100 brn|[from] brn
|upkeep
|turn|17
|
|move|p1a: Obstagoon|Facade|p2a: Seismitoad
|-damage|p2a: Seismitoad|45/100
|move|p2a: Seismitoad|Earthquake|p1a: Obstagoon
|-damage|p1a: Obstagoon|35/100 brn
|
|-heal|p2a: Seismitoad|51/100|[from] item: Leftovers
|-damage|p1a: Obstagoon|29/100 brn|[from] brn
|upkeep
|turn|18
|
|switch|p2a: Noivern|Noivern, F|100/100
|move|p1a: Obstagoon|Facade|p2a: Noivern
|-damage|p2a: Noivern|0 fnt
|faint|p2a: Noivern
|
|-damage|p1a: Obstagoon|23/100 brn|[from] brn
|upkeep
|
|switch|p2a: Weavile|Weavile, M|100/100
|-ability|p2a: Weavile|Pressure
|turn|19
|
|move|p2a: Weavile|Throat Chop|p1a: Obstagoon
|-resisted|p1a: Obstagoon
|-damage|p1a: Obstagoon|2/100 brn
|-start|p1a: Obstagoon|Throat Chop|[silent]
|move|p1a: Obstagoon|Facade|p2a: Weavile
|-damage|p2a: Weavile|0 fnt
|faint|p2a: Weavile
|
|-damage|p1a: Obstagoon|0 fnt|[from] brn
|faint|p1a: Obstagoon
|upkeep
|-message|OPJellicent forfeited.
|
|win|this is jho
|l|☆OPJellicent
|raw|this is jho's rating: 1560 → 1583(+23 for winning)
|raw|OPJellicent's rating: 1617 → 1594(-23 for losing)
