|ScrapeTime|2020-01-02-14:24:46
|j|☆maxteam22
|j|☆Day of the walrus
|player|p1|maxteam22|64|1322
|player|p2|Day of the walrus|steven|1312
|teamsize|p1|6
|teamsize|p2|6
|gametype|singles
|gen|8
|tier|[Gen 8] OU
|rated|
|rule|Sleep Clause Mod: Limit one foe put to sleep
|rule|Species Clause: Limit one of each Pokémon
|rule|OHKO Clause: OHKO moves are banned
|rule|Evasion Moves Clause: Evasion moves are banned
|rule|Endless Battle Clause: Forcing endless battles is banned
|rule|HP Percentage Mod: HP is shown in percentages
|clearpoke
|poke|p1|Cinderace, M|
|poke|p1|Dragapult, M|
|poke|p1|Excadrill, M|
|poke|p1|Toxtricity, M|
|poke|p1|Hatterene, F|
|poke|p1|Seismitoad, F|
|poke|p2|Gastrodon, F|
|poke|p2|Togekiss, F|
|poke|p2|Toxapex, M|
|poke|p2|Ferrothorn, F|
|poke|p2|Corviknight, F|
|poke|p2|Roserade, F|
|rule|Dynamax Clause: You cannot dynamax
|teampreview
|inactive|Battle timer is ON: inactive players will automatically lose when time's up. (requested by maxteam22)
|
|start
|switch|p1a: Excadrill|Excadrill, M|100/100
|switch|p2a: Gastrodon|Gastrodon, F|100/100
|-ability|p1a: Excadrill|Mold Breaker
|turn|1
|
|switch|p1a: Seismitoad|Seismitoad, F|100/100
|move|p2a: Gastrodon|Earth Power|p1a: Seismitoad
|-damage|p1a: Seismitoad|70/100
|
|-heal|p1a: Seismitoad|76/100|[from] item: Leftovers
|upkeep
|turn|2
|
|switch|p2a: Ferrothorn|Ferrothorn, F|100/100
|move|p1a: Seismitoad|Toxic|p2a: Ferrothorn|[miss]
|-miss|p1a: Seismitoad|p2a: Ferrothorn
|
|-heal|p1a: Seismitoad|82/100|[from] item: Leftovers
|upkeep
|turn|3
|
|switch|p1a: Cinderace|Cinderace, M|100/100
|move|p2a: Ferrothorn|Gyro Ball|p1a: Cinderace
|-resisted|p1a: Cinderace
|-damage|p1a: Cinderace|68/100
|
|upkeep
|turn|4
|
|switch|p2a: Toxapex|Toxapex, M|100/100
|move|p1a: Cinderace|Pyro Ball|p2a: Toxapex
|-resisted|p2a: Toxapex
|-damage|p2a: Toxapex|83/100
|
|-heal|p2a: Toxapex|89/100|[from] item: Black Sludge
|upkeep
|turn|5
|
|move|p1a: Cinderace|U-turn|p2a: Toxapex
|-resisted|p2a: Toxapex
|-damage|p2a: Toxapex|83/100
|
|switch|p1a: Toxtricity|Toxtricity, M|100/100|[from]move: U-turn
|move|p2a: Toxapex|Toxic|p1a: Toxtricity
|-immune|p1a: Toxtricity
|
|-heal|p2a: Toxapex|89/100|[from] item: Black Sludge
|upkeep
|turn|6
|
|move|p1a: Toxtricity|Boomburst|p2a: Toxapex
|-damage|p2a: Toxapex|13/100
|move|p2a: Toxapex|Recover|p2a: Toxapex
|-heal|p2a: Toxapex|63/100
|
|-heal|p2a: Toxapex|69/100|[from] item: Black Sludge
|upkeep
|turn|7
|
|switch|p2a: Corviknight|Corviknight, F|100/100
|-ability|p2a: Corviknight|Pressure
|move|p1a: Toxtricity|Boomburst|p2a: Corviknight
|-resisted|p2a: Corviknight
|-damage|p2a: Corviknight|71/100
|
|-heal|p2a: Corviknight|77/100|[from] item: Leftovers
|upkeep
|turn|8
|
|switch|p1a: Cinderace|Cinderace, M|68/100
|switch|p2a: Roserade|Roserade, F, shiny|100/100
|
|upkeep
|turn|9
|
|switch|p2a: Gastrodon|Gastrodon, F|100/100
|move|p1a: Cinderace|Pyro Ball|p2a: Gastrodon
|-resisted|p2a: Gastrodon
|-damage|p2a: Gastrodon|77/100
|
|-heal|p2a: Gastrodon|84/100|[from] item: Leftovers
|upkeep
|turn|10
|
|move|p1a: Cinderace|U-turn|p2a: Gastrodon
|-damage|p2a: Gastrodon|68/100
|
|switch|p1a: Seismitoad|Seismitoad, F|82/100|[from]move: U-turn
|move|p2a: Gastrodon|Earth Power|p1a: Seismitoad
|-damage|p1a: Seismitoad|53/100
|
|-heal|p1a: Seismitoad|59/100|[from] item: Leftovers
|-heal|p2a: Gastrodon|74/100|[from] item: Leftovers
|upkeep
|turn|11
|
|switch|p2a: Toxapex|Toxapex, M|100/100
|move|p1a: Seismitoad|Stealth Rock|p2a: Toxapex
|-sidestart|p2: Day of the walrus|move: Stealth Rock
|
|-heal|p1a: Seismitoad|65/100|[from] item: Leftovers
|upkeep
|turn|12
|
|move|p1a: Seismitoad|Earth Power|p2a: Toxapex
|-supereffective|p2a: Toxapex
|-damage|p2a: Toxapex|56/100
|move|p2a: Toxapex|Toxic|p1a: Seismitoad
|-status|p1a: Seismitoad|tox
|
|-heal|p1a: Seismitoad|71/100 tox|[from] item: Leftovers
|-heal|p2a: Toxapex|63/100|[from] item: Black Sludge
|-damage|p1a: Seismitoad|65/100 tox|[from] psn
|upkeep
|turn|13
|
|switch|p1a: Hatterene|Hatterene, F|100/100
|switch|p2a: Roserade|Roserade, F, shiny|100/100
|-damage|p2a: Roserade|88/100|[from] Stealth Rock
|
|-heal|p2a: Roserade|94/100|[from] item: Black Sludge
|upkeep
|turn|14
|
|move|p2a: Roserade|Sludge Bomb|p1a: Hatterene
|-supereffective|p1a: Hatterene
|-damage|p1a: Hatterene|0 fnt
|faint|p1a: Hatterene
|
|-heal|p2a: Roserade|100/100|[from] item: Black Sludge
|upkeep
|
|switch|p1a: Excadrill|Excadrill, M|100/100
|-ability|p1a: Excadrill|Mold Breaker
|turn|15
|
|move|p1a: Excadrill|Earthquake|p2a: Roserade
|-damage|p2a: Roserade|34/100
|move|p2a: Roserade|Giga Drain|p1a: Excadrill
|-damage|p1a: Excadrill|46/100
|-heal|p2a: Roserade|71/100|[from] drain|[of] p1a: Excadrill
|
|-heal|p2a: Roserade|78/100|[from] item: Black Sludge
|upkeep
|turn|16
|
|switch|p1a: Cinderace|Cinderace, M|68/100
|switch|p2a: Corviknight|Corviknight, F|77/100
|-damage|p2a: Corviknight|65/100|[from] Stealth Rock
|-ability|p2a: Corviknight|Pressure
|
|-heal|p2a: Corviknight|71/100|[from] item: Leftovers
|upkeep
|turn|17
|
|move|p1a: Cinderace|Pyro Ball|p2a: Corviknight
|-supereffective|p2a: Corviknight
|-damage|p2a: Corviknight|0 fnt
|faint|p2a: Corviknight
|
|upkeep
|
|switch|p2a: Toxapex|Toxapex, M|96/100
|-damage|p2a: Toxapex|83/100|[from] Stealth Rock
|turn|18
|
|move|p1a: Cinderace|U-turn|p2a: Toxapex
|-resisted|p2a: Toxapex
|-damage|p2a: Toxapex|77/100
|
|switch|p1a: Toxtricity|Toxtricity, M|100/100|[from]move: U-turn
|move|p2a: Toxapex|Haze|p2a: Toxapex
|-clearallboost
|
|-heal|p2a: Toxapex|83/100|[from] item: Black Sludge
|upkeep
|turn|19
|
|switch|p2a: Ferrothorn|Ferrothorn, F|100/100
|-damage|p2a: Ferrothorn|95/100|[from] Stealth Rock
|move|p1a: Toxtricity|Overdrive|p2a: Ferrothorn
|-resisted|p2a: Ferrothorn
|-damage|p2a: Ferrothorn|61/100
|
|upkeep
|turn|20
|
|switch|p1a: Cinderace|Cinderace, M|68/100
|move|p2a: Ferrothorn|Leech Seed|p1a: Cinderace
|-start|p1a: Cinderace|move: Leech Seed
|
|-damage|p1a: Cinderace|56/100|[from] Leech Seed|[of] p2a: Ferrothorn
|-heal|p2a: Ferrothorn|72/100|[silent]
|upkeep
|turn|21
|
|move|p2a: Ferrothorn|Protect|p2a: Ferrothorn
|-singleturn|p2a: Ferrothorn|Protect
|move|p1a: Cinderace|Pyro Ball|p2a: Ferrothorn
|-activate|p2a: Ferrothorn|move: Protect
|
|-damage|p1a: Cinderace|44/100|[from] Leech Seed|[of] p2a: Ferrothorn
|-heal|p2a: Ferrothorn|82/100|[silent]
|upkeep
|turn|22
|
|switch|p2a: Gastrodon|Gastrodon, F|74/100
|-damage|p2a: Gastrodon|68/100|[from] Stealth Rock
|move|p1a: Cinderace|Pyro Ball|p2a: Gastrodon|[miss]
|-miss|p1a: Cinderace|p2a: Gastrodon
|
|-heal|p2a: Gastrodon|74/100|[from] item: Leftovers
|-damage|p1a: Cinderace|31/100|[from] Leech Seed|[of] p2a: Gastrodon
|-heal|p2a: Gastrodon|83/100|[silent]
|upkeep
|turn|23
|
|move|p1a: Cinderace|U-turn|p2a: Gastrodon
|-damage|p2a: Gastrodon|66/100
|
|switch|p1a: Excadrill|Excadrill, M|46/100|[from]move: U-turn
|-ability|p1a: Excadrill|Mold Breaker
|move|p2a: Gastrodon|Earth Power|p1a: Excadrill
|-supereffective|p1a: Excadrill
|-damage|p1a: Excadrill|0 fnt
|faint|p1a: Excadrill
|
|-heal|p2a: Gastrodon|73/100|[from] item: Leftovers
|upkeep
|
|switch|p1a: Dragapult|Dragapult, M|100/100
|turn|24
|
|move|p1a: Dragapult|Dragon Dance|p1a: Dragapult
|-boost|p1a: Dragapult|atk|1
|-boost|p1a: Dragapult|spe|1
|move|p2a: Gastrodon|Recover|p2a: Gastrodon
|-heal|p2a: Gastrodon|100/100
|
|upkeep
|turn|25
|
|move|p1a: Dragapult|Dragon Dance|p1a: Dragapult
|-boost|p1a: Dragapult|atk|1
|-boost|p1a: Dragapult|spe|1
|move|p2a: Gastrodon|Clear Smog|p1a: Dragapult
|-resisted|p1a: Dragapult
|-damage|p1a: Dragapult|93/100
|-clearboost|p1a: Dragapult
|
|-heal|p1a: Dragapult|99/100|[from] item: Leftovers
|upkeep
|turn|26
|
|switch|p1a: Cinderace|Cinderace, M|31/100
|switch|p2a: Toxapex|Toxapex, M|100/100
|-damage|p2a: Toxapex|88/100|[from] Stealth Rock
|
|-heal|p2a: Toxapex|94/100|[from] item: Black Sludge
|upkeep
|turn|27
|
|move|p1a: Cinderace|U-turn|p2a: Toxapex
|-resisted|p2a: Toxapex
|-damage|p2a: Toxapex|87/100
|
|switch|p1a: Seismitoad|Seismitoad, F|65/100 tox|[from]move: U-turn
|move|p2a: Toxapex|Toxic|p1a: Seismitoad
|-fail|p1a: Seismitoad|tox
|
|-heal|p1a: Seismitoad|71/100 tox|[from] item: Leftovers
|-heal|p2a: Toxapex|93/100|[from] item: Black Sludge
|-damage|p1a: Seismitoad|65/100 tox|[from] psn
|upkeep
|turn|28
|
|switch|p1a: Toxtricity|Toxtricity, M|100/100
|switch|p2a: Gastrodon|Gastrodon, F|100/100
|-damage|p2a: Gastrodon|94/100|[from] Stealth Rock
|
|-heal|p2a: Gastrodon|100/100|[from] item: Leftovers
|upkeep
|turn|29
|-message|maxteam22 forfeited.
|
|win|Day of the walrus
|l|☆maxteam22
|raw|maxteam22's rating: 1322 → 1302(-20 for losing)
|raw|Day of the walrus's rating: 1313 → 1333(+20 for winning)
