|ScrapeTime|2020-01-02-12:55:45
|j|☆Daz Boness
|j|☆Eriaaasu
|player|p1|Daz Boness|li|1529
|player|p2|Eriaaasu|2|1492
|teamsize|p1|6
|teamsize|p2|6
|gametype|singles
|gen|8
|tier|[Gen 8] OU
|rated|
|rule|Sleep Clause Mod: Limit one foe put to sleep
|rule|Species Clause: Limit one of each Pokémon
|rule|OHKO Clause: OHKO moves are banned
|rule|Evasion Moves Clause: Evasion moves are banned
|rule|Endless Battle Clause: Forcing endless battles is banned
|rule|HP Percentage Mod: HP is shown in percentages
|clearpoke
|poke|p1|Runerigus, F|
|poke|p1|Mandibuzz, F|
|poke|p1|Appletun, F|
|poke|p1|Dracozolt|
|poke|p1|Toxapex, F|
|poke|p1|Corviknight, M|
|poke|p2|Grimmsnarl, M|
|poke|p2|Aegislash, F|
|poke|p2|Abomasnow, F|
|poke|p2|Gyarados, M|
|poke|p2|Excadrill, M|
|poke|p2|Dragapult, M|
|rule|Dynamax Clause: You cannot dynamax
|teampreview
|inactive|Battle timer is ON: inactive players will automatically lose when time's up. (requested by Eriaaasu)
|
|start
|switch|p1a: Corviknight|Corviknight, M|100/100
|switch|p2a: Excadrill|Excadrill, M|100/100
|-ability|p2a: Excadrill|Mold Breaker
|-ability|p1a: Corviknight|Pressure
|turn|1
|
|move|p2a: Excadrill|Stealth Rock|p1a: Corviknight
|-sidestart|p1: Daz Boness|move: Stealth Rock
|move|p1a: Corviknight|Bulk Up|p1a: Corviknight
|-boost|p1a: Corviknight|atk|1
|-boost|p1a: Corviknight|def|1
|
|upkeep
|turn|2
|
|move|p2a: Excadrill|Iron Head|p1a: Corviknight
|-resisted|p1a: Corviknight
|-damage|p1a: Corviknight|88/100
|move|p1a: Corviknight|Bulk Up|p1a: Corviknight
|-boost|p1a: Corviknight|atk|1
|-boost|p1a: Corviknight|def|1
|
|-heal|p1a: Corviknight|95/100|[from] item: Leftovers
|upkeep
|turn|3
|
|move|p2a: Excadrill|Iron Head|p1a: Corviknight
|-resisted|p1a: Corviknight
|-crit|p1a: Corviknight
|-damage|p1a: Corviknight|69/100
|cant|p1a: Corviknight|flinch
|
|-heal|p1a: Corviknight|75/100|[from] item: Leftovers
|upkeep
|turn|4
|
|move|p2a: Excadrill|Iron Head|p1a: Corviknight
|-resisted|p1a: Corviknight
|-damage|p1a: Corviknight|66/100
|move|p1a: Corviknight|Bulk Up|p1a: Corviknight
|-boost|p1a: Corviknight|atk|1
|-boost|p1a: Corviknight|def|1
|
|-heal|p1a: Corviknight|72/100|[from] item: Leftovers
|upkeep
|turn|5
|
|move|p2a: Excadrill|Iron Head|p1a: Corviknight
|-resisted|p1a: Corviknight
|-damage|p1a: Corviknight|65/100
|move|p1a: Corviknight|Roost|p1a: Corviknight
|-heal|p1a: Corviknight|100/100
|-singleturn|p1a: Corviknight|move: Roost
|
|upkeep
|turn|6
|
|move|p2a: Excadrill|Iron Head|p1a: Corviknight
|-resisted|p1a: Corviknight
|-damage|p1a: Corviknight|93/100
|cant|p1a: Corviknight|flinch
|
|-heal|p1a: Corviknight|99/100|[from] item: Leftovers
|upkeep
|turn|7
|
|move|p2a: Excadrill|Iron Head|p1a: Corviknight
|-resisted|p1a: Corviknight
|-damage|p1a: Corviknight|92/100
|cant|p1a: Corviknight|flinch
|
|-heal|p1a: Corviknight|98/100|[from] item: Leftovers
|upkeep
|turn|8
|
|move|p2a: Excadrill|Iron Head|p1a: Corviknight
|-resisted|p1a: Corviknight
|-damage|p1a: Corviknight|91/100
|move|p1a: Corviknight|Bulk Up|p1a: Corviknight
|-boost|p1a: Corviknight|atk|1
|-boost|p1a: Corviknight|def|1
|
|-heal|p1a: Corviknight|98/100|[from] item: Leftovers
|upkeep
|turn|9
|
|move|p2a: Excadrill|Iron Head|p1a: Corviknight
|-resisted|p1a: Corviknight
|-damage|p1a: Corviknight|92/100
|cant|p1a: Corviknight|flinch
|
|-heal|p1a: Corviknight|98/100|[from] item: Leftovers
|upkeep
|turn|10
|
|move|p2a: Excadrill|Iron Head|p1a: Corviknight
|-resisted|p1a: Corviknight
|-damage|p1a: Corviknight|92/100
|move|p1a: Corviknight|Bulk Up|p1a: Corviknight
|-boost|p1a: Corviknight|atk|1
|-boost|p1a: Corviknight|def|1
|
|-heal|p1a: Corviknight|99/100|[from] item: Leftovers
|upkeep
|turn|11
|
|move|p2a: Excadrill|Iron Head|p1a: Corviknight
|-resisted|p1a: Corviknight
|-damage|p1a: Corviknight|94/100
|move|p1a: Corviknight|Bulk Up|p1a: Corviknight
|-boost|p1a: Corviknight|atk|1
|-boost|p1a: Corviknight|def|1
|
|-heal|p1a: Corviknight|99/100|[from] item: Leftovers
|upkeep
|turn|12
|
|move|p2a: Excadrill|Iron Head|p1a: Corviknight
|-resisted|p1a: Corviknight
|-damage|p1a: Corviknight|95/100
|move|p1a: Corviknight|Iron Head|p2a: Excadrill
|-resisted|p2a: Excadrill
|-damage|p2a: Excadrill|30/100
|
|-heal|p1a: Corviknight|100/100|[from] item: Leftovers
|upkeep
|turn|13
|
|move|p2a: Excadrill|Iron Head|p1a: Corviknight
|-resisted|p1a: Corviknight
|-damage|p1a: Corviknight|96/100
|cant|p1a: Corviknight|flinch
|
|-heal|p1a: Corviknight|100/100|[from] item: Leftovers
|upkeep
|turn|14
|
|move|p2a: Excadrill|Earthquake|p1a: Corviknight
|-immune|p1a: Corviknight
|move|p1a: Corviknight|Iron Head|p2a: Excadrill
|-resisted|p2a: Excadrill
|-damage|p2a: Excadrill|0 fnt
|faint|p2a: Excadrill
|
|upkeep
|
|switch|p2a: Grimmsnarl|Grimmsnarl, M|100/100
|turn|15
|
|move|p2a: Grimmsnarl|Power Swap|p1a: Corviknight
|-swapboost|p2a: Grimmsnarl|p1a: Corviknight|atk, spa|[from] move: Power Swap
|move|p1a: Corviknight|Iron Head|p2a: Grimmsnarl
|-supereffective|p2a: Grimmsnarl
|-damage|p2a: Grimmsnarl|34/100
|
|upkeep
|turn|16
|
|move|p2a: Grimmsnarl|Darkest Lariat|p1a: Corviknight
|-damage|p1a: Corviknight|0 fnt
|faint|p1a: Corviknight
|
|upkeep
|
|switch|p1a: Dracozolt|Dracozolt|100/100
|-damage|p1a: Dracozolt|88/100|[from] Stealth Rock
|turn|17
|
|move|p2a: Grimmsnarl|Sucker Punch|p1a: Dracozolt
|-damage|p1a: Dracozolt|0 fnt
|faint|p1a: Dracozolt
|
|upkeep
|c|☆Daz Boness|crazy tech
|c|☆Daz Boness|gg
|c|☆Eriaaasu|hahaha thanks
|c|☆Eriaaasu|gg
|-message|Daz Boness forfeited.
|
|win|Eriaaasu
|l|☆Daz Boness
|raw|Daz Boness's rating: 1529 → 1507(-22 for losing)
|raw|Eriaaasu's rating: 1492 → 1515(+23 for winning)
