|ScrapeTime|2020-01-01-04:44:33
|j|☆toaC rorriM
|j|☆BupBoi64
|player|p1|toaC rorriM|erika-gen1|1074
|player|p2|BupBoi64|hilda|1026
|teamsize|p1|6
|teamsize|p2|6
|gametype|singles
|gen|8
|tier|[Gen 8] OU
|rated|
|rule|Sleep Clause Mod: Limit one foe put to sleep
|rule|Species Clause: Limit one of each Pokémon
|rule|OHKO Clause: OHKO moves are banned
|rule|Evasion Moves Clause: Evasion moves are banned
|rule|Endless Battle Clause: Forcing endless battles is banned
|rule|HP Percentage Mod: HP is shown in percentages
|clearpoke
|poke|p1|Tyranitar, F|
|poke|p1|Dracovish|
|poke|p1|Dugtrio, M|
|poke|p1|Flygon, M|
|poke|p1|Hitmonlee, M|
|poke|p1|Shuckle, M|
|poke|p2|Barraskewda, F|
|poke|p2|Pelipper, F|
|poke|p2|Drednaw, F|
|poke|p2|Cinderace, M|
|poke|p2|Dracovish|
|poke|p2|Mantine, F|
|rule|Dynamax Clause: You cannot dynamax
|teampreview
|
|start
|switch|p1a: Tyranitar|Tyranitar, F|100/100
|switch|p2a: flappa|Pelipper, F, shiny|100/100
|-weather|Sandstorm|[from] ability: Sand Stream|[of] p1a: Tyranitar
|-weather|RainDance|[from] ability: Drizzle|[of] p2a: flappa
|turn|1
|
|switch|p1a: Dracovish|Dracovish|100/100
|switch|p2a: edgy wartortle|Drednaw, F|100/100
|
|-weather|RainDance|[upkeep]
|upkeep
|turn|2
|
|move|p1a: Dracovish|Fishious Rend|p2a: edgy wartortle
|-enditem|p2a: edgy wartortle|Focus Sash
|-damage|p2a: edgy wartortle|1/100
|move|p2a: edgy wartortle|Counter|p1a: Dracovish
|-damage|p1a: Dracovish|0 fnt
|faint|p1a: Dracovish
|
|-weather|RainDance|[upkeep]
|upkeep
|
|switch|p1a: Shuckle|Shuckle, M|100/100
|turn|3
|
|move|p2a: edgy wartortle|Liquidation|p1a: Shuckle
|-supereffective|p1a: Shuckle
|-damage|p1a: Shuckle|7/100
|-boost|p1a: Shuckle|def|1
|move|p1a: Shuckle|Shell Smash|p1a: Shuckle
|-boost|p1a: Shuckle|def|1
|-boost|p1a: Shuckle|spd|1
|-unboost|p1a: Shuckle|atk|2
|-unboost|p1a: Shuckle|spa|2
|-unboost|p1a: Shuckle|spe|2
|
|-weather|RainDance|[upkeep]
|upkeep
|turn|4
|
|move|p2a: edgy wartortle|Liquidation|p1a: Shuckle
|-supereffective|p1a: Shuckle
|-damage|p1a: Shuckle|0 fnt
|faint|p1a: Shuckle
|
|-weather|RainDance|[upkeep]
|upkeep
|
|switch|p1a: Hitmonlee|Hitmonlee, M|100/100
|turn|5
|
|move|p2a: edgy wartortle|Liquidation|p1a: Hitmonlee
|-damage|p1a: Hitmonlee|0 fnt
|faint|p1a: Hitmonlee
|
|-weather|RainDance|[upkeep]
|upkeep
|
|switch|p1a: Dugtrio|Dugtrio, M|100/100
|turn|6
|
|move|p1a: Dugtrio|Sucker Punch|p2a: edgy wartortle
|-damage|p2a: edgy wartortle|0 fnt
|faint|p2a: edgy wartortle
|
|-weather|RainDance|[upkeep]
|upkeep
|
|switch|p2a: me kill you|Barraskewda, F|100/100
|turn|7
|
|move|p1a: Dugtrio|Sucker Punch|p2a: me kill you
|-damage|p2a: me kill you|64/100
|move|p2a: me kill you|Liquidation|p1a: Dugtrio
|-supereffective|p1a: Dugtrio
|-damage|p1a: Dugtrio|0 fnt
|faint|p1a: Dugtrio
|
|-weather|RainDance|[upkeep]
|upkeep
|
|switch|p1a: Tyranitar|Tyranitar, F|100/100
|-weather|Sandstorm|[from] ability: Sand Stream|[of] p1a: Tyranitar
|turn|8
|
|move|p2a: me kill you|Liquidation|p1a: Tyranitar
|-supereffective|p1a: Tyranitar
|-damage|p1a: Tyranitar|0 fnt
|faint|p1a: Tyranitar
|
|-weather|Sandstorm|[upkeep]
|-damage|p2a: me kill you|58/100|[from] Sandstorm
|upkeep
|
|switch|p1a: Flygon|Flygon, M|100/100
|turn|9
|
|switch|p2a: flappa|Pelipper, F, shiny|100/100
|-weather|RainDance|[from] ability: Drizzle|[of] p2a: flappa
|move|p1a: Flygon|Dragon Dance|p1a: Flygon
|-boost|p1a: Flygon|atk|1
|-boost|p1a: Flygon|spe|1
|
|-weather|RainDance|[upkeep]
|upkeep
|turn|10
|
|move|p1a: Flygon|Dragon Dance|p1a: Flygon
|-boost|p1a: Flygon|atk|1
|-boost|p1a: Flygon|spe|1
|move|p2a: flappa|Tailwind|p2a: flappa
|-sidestart|p2: BupBoi64|move: Tailwind
|
|-weather|RainDance|[upkeep]
|upkeep
|turn|11
|
|switch|p2a: other|Mantine, F, shiny|100/100
|move|p1a: Flygon|Dragon Dance|p1a: Flygon
|-boost|p1a: Flygon|atk|1
|-boost|p1a: Flygon|spe|1
|
|-weather|RainDance|[upkeep]
|upkeep
|turn|12
|
|move|p2a: other|Ice Beam|p1a: Flygon
|-supereffective|p1a: Flygon
|-damage|p1a: Flygon|0 fnt
|faint|p1a: Flygon
|
|win|BupBoi64
|l|☆toaC rorriM
|raw|toaC rorriM's rating: 1074 → 1050(-24 for losing)
|raw|BupBoi64's rating: 1026 → 1067(+41 for winning)
