|ScrapeTime|2020-01-01-06:54:46
|j|☆OuTierGod
|j|☆Tapu Glitch
|player|p1|OuTierGod|blue|1175
|player|p2|Tapu Glitch|170|1167
|teamsize|p1|6
|teamsize|p2|6
|gametype|singles
|gen|8
|tier|[Gen 8] OU
|rated|
|rule|Sleep Clause Mod: Limit one foe put to sleep
|rule|Species Clause: Limit one of each Pokémon
|rule|OHKO Clause: OHKO moves are banned
|rule|Evasion Moves Clause: Evasion moves are banned
|rule|Endless Battle Clause: Forcing endless battles is banned
|rule|HP Percentage Mod: HP is shown in percentages
|clearpoke
|poke|p1|Shuckle, M|
|poke|p1|Hydreigon, M|
|poke|p1|Clefable, F|
|poke|p1|Dracovish|
|poke|p1|Excadrill, F|
|poke|p1|Dragapult, F|
|poke|p2|Tyranitar, M|
|poke|p2|Excadrill, F|
|poke|p2|Flygon, M|
|poke|p2|Clefable, F|
|poke|p2|Ferrothorn, M|
|poke|p2|Dugtrio, F|
|rule|Dynamax Clause: You cannot dynamax
|teampreview
|inactive|Battle timer is ON: inactive players will automatically lose when time's up. (requested by Tapu Glitch)
|
|start
|switch|p1a: Dragapult|Dragapult, F|100/100
|switch|p2a: Dugtrio|Dugtrio, F|100/100
|turn|1
|
|switch|p1a: Shuckle|Shuckle, M, shiny|100/100
|move|p2a: Dugtrio|Shadow Claw|p1a: Shuckle
|-damage|p1a: Shuckle|84/100
|
|-heal|p1a: Shuckle|90/100|[from] item: Leftovers
|upkeep
|turn|2
|
|switch|p2a: Tyranitar|Tyranitar, M|100/100
|-weather|Sandstorm|[from] ability: Sand Stream|[of] p2a: Tyranitar
|move|p1a: Shuckle|Sticky Web|p2a: Tyranitar
|-sidestart|p2: Tapu Glitch|move: Sticky Web
|
|-weather|Sandstorm|[upkeep]
|-heal|p1a: Shuckle|96/100|[from] item: Leftovers
|upkeep
|turn|3
|
|move|p2a: Tyranitar|Stealth Rock|p1a: Shuckle
|-sidestart|p1: OuTierGod|move: Stealth Rock
|move|p1a: Shuckle|Toxic|p2a: Tyranitar
|-status|p2a: Tyranitar|tox
|
|-weather|Sandstorm|[upkeep]
|-heal|p1a: Shuckle|100/100|[from] item: Leftovers
|-damage|p2a: Tyranitar|94/100 tox|[from] psn
|upkeep
|turn|4
|c|☆OuTierGod|hmmmm
|c|☆OuTierGod|sand rush exadrill
|
|move|p2a: Tyranitar|Earthquake|p1a: Shuckle
|-damage|p1a: Shuckle|74/100
|move|p1a: Shuckle|Knock Off|p2a: Tyranitar
|-resisted|p2a: Tyranitar
|-damage|p2a: Tyranitar|93/100 tox
|-enditem|p2a: Tyranitar|Leftovers|[from] move: Knock Off|[of] p1a: Shuckle
|
|-weather|Sandstorm|[upkeep]
|-heal|p1a: Shuckle|80/100|[from] item: Leftovers
|-damage|p2a: Tyranitar|80/100 tox|[from] psn
|upkeep
|turn|5
|c|☆OuTierGod|I've been thinking of running Tyranitar and exa
|
|switch|p2a: Excadrill|Excadrill, F|100/100
|-activate|p2a: Excadrill|move: Sticky Web
|-unboost|p2a: Excadrill|spe|1
|move|p1a: Shuckle|Protect||[still]
|-fail|p1a: Shuckle
|
|-weather|Sandstorm|[upkeep]
|-heal|p1a: Shuckle|87/100|[from] item: Leftovers
|upkeep
|turn|6
|
|move|p2a: Excadrill|Rapid Spin|p1a: Shuckle
|-resisted|p1a: Shuckle
|-damage|p1a: Shuckle|80/100
|-sideend|p2: Tapu Glitch|Sticky Web|[from] move: Rapid Spin|[of] p2a: Excadrill
|-boost|p2a: Excadrill|spe|1
|move|p1a: Shuckle|Knock Off|p2a: Excadrill
|-damage|p2a: Excadrill|93/100
|-enditem|p2a: Excadrill|Metronome|[from] move: Knock Off|[of] p1a: Shuckle
|
|-weather|none
|-heal|p1a: Shuckle|86/100|[from] item: Leftovers
|upkeep
|turn|7
|
|switch|p2a: Tyranitar|Tyranitar, M|80/100 tox
|-weather|Sandstorm|[from] ability: Sand Stream|[of] p2a: Tyranitar
|move|p1a: Shuckle|Protect||[still]
|-fail|p1a: Shuckle
|
|-weather|Sandstorm|[upkeep]
|-heal|p1a: Shuckle|92/100|[from] item: Leftovers
|-damage|p2a: Tyranitar|74/100 tox|[from] psn
|upkeep
|turn|8
|c|☆Tapu Glitch|It is a powerful core
|
|switch|p2a: Excadrill|Excadrill, F|93/100
|move|p1a: Shuckle|Sticky Web|p2a: Excadrill
|-sidestart|p2: Tapu Glitch|move: Sticky Web
|
|-weather|Sandstorm|[upkeep]
|-heal|p1a: Shuckle|98/100|[from] item: Leftovers
|upkeep
|turn|9
|
|switch|p1a: Clefable|Clefable, F|100/100
|move|p2a: Excadrill|Swords Dance|p2a: Excadrill
|-boost|p2a: Excadrill|atk|2
|
|-weather|Sandstorm|[upkeep]
|upkeep
|turn|10
|
|move|p2a: Excadrill|Iron Head|p1a: Clefable
|-supereffective|p1a: Clefable
|-damage|p1a: Clefable|0 fnt
|faint|p1a: Clefable
|
|-weather|Sandstorm|[upkeep]
|upkeep
|
|switch|p1a: Shuckle|Shuckle, M, shiny|98/100
|-damage|p1a: Shuckle|74/100|[from] Stealth Rock
|turn|11
|
|move|p1a: Shuckle|Protect|p1a: Shuckle
|-singleturn|p1a: Shuckle|Protect
|move|p2a: Excadrill|Rapid Spin|p1a: Shuckle
|-activate|p1a: Shuckle|move: Protect
|
|-weather|none
|-heal|p1a: Shuckle|80/100|[from] item: Leftovers
|upkeep
|turn|12
|c|☆OuTierGod|why meternome
|inactive|OuTierGod has 120 seconds left.
|c|☆Tapu Glitch|Celfable and Ferrothron both learn gravity
|c|☆Tapu Glitch|so eq spam
|
|switch|p1a: Dragapult|Dragapult, F|100/100
|-damage|p1a: Dragapult|88/100|[from] Stealth Rock
|move|p2a: Excadrill|Iron Head|p1a: Dragapult
|-damage|p1a: Dragapult|0 fnt
|faint|p1a: Dragapult
|
|upkeep
|
|switch|p1a: Hydreigon|Hydreigon, M, shiny|100/100
|-damage|p1a: Hydreigon|88/100|[from] Stealth Rock
|turn|13
|
|switch|p2a: Clefable|Clefable, F|100/100
|-activate|p2a: Clefable|move: Sticky Web
|-unboost|p2a: Clefable|spe|1
|move|p1a: Hydreigon|Dark Pulse|p2a: Clefable
|-resisted|p2a: Clefable
|-damage|p2a: Clefable|80/100
|
|-heal|p1a: Hydreigon|94/100|[from] item: Leftovers
|-heal|p2a: Clefable|86/100|[from] item: Leftovers
|upkeep
|turn|14
|
|move|p1a: Hydreigon|Substitute|p1a: Hydreigon
|-start|p1a: Hydreigon|Substitute
|-damage|p1a: Hydreigon|69/100
|move|p2a: Clefable|Moonblast|p1a: Hydreigon
|-supereffective|p1a: Hydreigon
|-end|p1a: Hydreigon|Substitute
|
|-heal|p1a: Hydreigon|76/100|[from] item: Leftovers
|-heal|p2a: Clefable|92/100|[from] item: Leftovers
|upkeep
|turn|15
|
|switch|p1a: Dracovish|Dracovish|100/100
|-damage|p1a: Dracovish|88/100|[from] Stealth Rock
|move|p2a: Clefable|Moonblast|p1a: Dracovish
|-supereffective|p1a: Dracovish
|-damage|p1a: Dracovish|0 fnt
|faint|p1a: Dracovish
|
|-heal|p2a: Clefable|98/100|[from] item: Leftovers
|upkeep
|
|switch|p1a: Excadrill|Excadrill, F|100/100
|-damage|p1a: Excadrill|97/100|[from] Stealth Rock
|-ability|p1a: Excadrill|Mold Breaker
|turn|16
|inactive|OuTierGod has 120 seconds left.
|c|☆OuTierGod|Can I get the details for your team
|c|☆OuTierGod|I like
|
|move|p1a: Excadrill|Swords Dance|p1a: Excadrill
|-boost|p1a: Excadrill|atk|2
|move|p2a: Clefable|Gravity|p2a: Clefable
|-fieldstart|move: Gravity
|
|-heal|p1a: Excadrill|100/100|[from] item: Leftovers
|-heal|p2a: Clefable|100/100|[from] item: Leftovers
|upkeep
|turn|17
|
|move|p1a: Excadrill|Swords Dance|p1a: Excadrill
|-boost|p1a: Excadrill|atk|2
|move|p2a: Clefable|Flamethrower|p1a: Excadrill
|-supereffective|p1a: Excadrill
|-damage|p1a: Excadrill|30/100
|
|-heal|p1a: Excadrill|36/100|[from] item: Leftovers
|upkeep
|turn|18
|c|☆Tapu Glitch|They are nothing special
|
|move|p1a: Excadrill|Iron Head|p2a: Clefable
|-supereffective|p2a: Clefable
|-damage|p2a: Clefable|0 fnt
|faint|p2a: Clefable
|
|-heal|p1a: Excadrill|42/100|[from] item: Leftovers
|upkeep
|
|switch|p2a: Dugtrio|Dugtrio, F|100/100
|-activate|p2a: Dugtrio|move: Sticky Web
|-unboost|p2a: Dugtrio|spe|1
|turn|19
|c|☆Tapu Glitch|Leftovers on clefable
|c|☆Tapu Glitch|Scarf Dugtrio
|
|move|p2a: Dugtrio|Earthquake|p1a: Excadrill
|-supereffective|p1a: Excadrill
|-damage|p1a: Excadrill|0 fnt
|faint|p1a: Excadrill
|
|upkeep
|c|☆Tapu Glitch|Choice Band Flygon
|inactive|OuTierGod has 120 seconds left.
|
|switch|p1a: Hydreigon|Hydreigon, M, shiny|76/100
|-damage|p1a: Hydreigon|63/100|[from] Stealth Rock
|turn|20
|c|☆Tapu Glitch|Leftovers Excadrill
|inactive|OuTierGod has 120 seconds left.
|
|move|p2a: Dugtrio|Earthquake|p1a: Hydreigon
|-damage|p1a: Hydreigon|12/100
|move|p1a: Hydreigon|Nasty Plot|p1a: Hydreigon
|-boost|p1a: Hydreigon|spa|2
|
|-heal|p1a: Hydreigon|18/100|[from] item: Leftovers
|-fieldend|move: Gravity
|upkeep
|turn|21
|
|move|p2a: Dugtrio|Earthquake|p1a: Hydreigon
|-immune|p1a: Hydreigon|[from] ability: Levitate
|move|p1a: Hydreigon|Dark Pulse|p2a: Dugtrio
|-damage|p2a: Dugtrio|0 fnt
|faint|p2a: Dugtrio
|
|-heal|p1a: Hydreigon|24/100|[from] item: Leftovers
|upkeep
|
|switch|p2a: Flygon|Flygon, M|100/100
|turn|22
|
|move|p2a: Flygon|First Impression|p1a: Hydreigon
|-supereffective|p1a: Hydreigon
|-damage|p1a: Hydreigon|0 fnt
|faint|p1a: Hydreigon
|
|upkeep
|c|☆Tapu Glitch|Rocky Helmet Ferrothron
|
|switch|p1a: Shuckle|Shuckle, M, shiny|80/100
|-damage|p1a: Shuckle|55/100|[from] Stealth Rock
|turn|23
|c|☆OuTierGod|gg
|c|☆OuTierGod|What could've I done better?
|
|switch|p2a: Ferrothorn|Ferrothorn, M|100/100
|-activate|p2a: Ferrothorn|move: Sticky Web
|-unboost|p2a: Ferrothorn|spe|1
|move|p1a: Shuckle|Toxic|p2a: Ferrothorn
|-immune|p2a: Ferrothorn
|
|-heal|p1a: Shuckle|61/100|[from] item: Leftovers
|upkeep
|turn|24
|c|☆Tapu Glitch|And metronome excadrill
|c|☆Tapu Glitch|GG
|c|☆OuTierGod|Tips
|c|☆OuTierGod|please
|
|move|p1a: Shuckle|Knock Off|p2a: Ferrothorn
|-crit|p2a: Ferrothorn
|-damage|p2a: Ferrothorn|96/100
|-damage|p1a: Shuckle|49/100|[from] ability: Iron Barbs|[of] p2a: Ferrothorn
|-damage|p1a: Shuckle|33/100|[from] item: Rocky Helmet|[of] p2a: Ferrothorn
|-enditem|p2a: Ferrothorn|Rocky Helmet|[from] move: Knock Off|[of] p1a: Shuckle
|move|p2a: Ferrothorn|Leech Seed|p1a: Shuckle|[miss]
|-miss|p2a: Ferrothorn|p1a: Shuckle
|
|-heal|p1a: Shuckle|39/100|[from] item: Leftovers
|upkeep
|turn|25
|c|☆Tapu Glitch|I recommend battling 101 on smog on forms
|c|☆Tapu Glitch|as well as predictions
|inactive|OuTierGod has 120 seconds left.
|c|☆Tapu Glitch|for example, because you protected on Shuckle, I predicted that you would switch to Dragapult
|inactive|OuTierGod has 90 seconds left.
|c|☆Tapu Glitch|You could have predicted eq and then switched to Hydregon
|inactive|OuTierGod has 60 seconds left.
|c|☆OuTierGod|got got it
|c|☆OuTierGod|battling 101
|c|☆Tapu Glitch|Overall, just spend sometime in battling 101 and watch some videos and you will be fine.
|
|move|p1a: Shuckle|Knock Off|p2a: Ferrothorn
|-damage|p2a: Ferrothorn|94/100
|-damage|p1a: Shuckle|26/100|[from] ability: Iron Barbs|[of] p2a: Ferrothorn
|move|p2a: Ferrothorn|Leech Seed|p1a: Shuckle
|-start|p1a: Shuckle|move: Leech Seed
|
|-heal|p1a: Shuckle|33/100|[from] item: Leftovers
|-damage|p1a: Shuckle|20/100|[from] Leech Seed|[of] p2a: Ferrothorn
|-heal|p2a: Ferrothorn|100/100|[silent]
|upkeep
|turn|26
|c|☆Tapu Glitch|nice playing with you. GGs
|
|move|p1a: Shuckle|Knock Off|p2a: Ferrothorn
|-damage|p2a: Ferrothorn|99/100
|-damage|p1a: Shuckle|8/100|[from] ability: Iron Barbs|[of] p2a: Ferrothorn
|move|p2a: Ferrothorn|Gyro Ball|p1a: Shuckle
|-supereffective|p1a: Shuckle
|-damage|p1a: Shuckle|0 fnt
|faint|p1a: Shuckle
|
|win|Tapu Glitch
|raw|OuTierGod's rating: 1175 → 1151(-24 for losing)
|raw|Tapu Glitch's rating: 1191 → 1215(+24 for winning)
