|ScrapeTime|2020-01-01-06:25:51
|j|☆Diablo Dinero
|j|☆Qwerty328
|player|p1|Diablo Dinero|68|1240
|player|p2|Qwerty328|170|1224
|teamsize|p1|6
|teamsize|p2|6
|gametype|singles
|gen|8
|tier|[Gen 8] OU
|rated|
|rule|Sleep Clause Mod: Limit one foe put to sleep
|rule|Species Clause: Limit one of each Pokémon
|rule|OHKO Clause: OHKO moves are banned
|rule|Evasion Moves Clause: Evasion moves are banned
|rule|Endless Battle Clause: Forcing endless battles is banned
|rule|HP Percentage Mod: HP is shown in percentages
|clearpoke
|poke|p1|Galvantula, M|
|poke|p1|Excadrill, M|
|poke|p1|Dracovish|
|poke|p1|Corviknight, M|
|poke|p1|Aegislash, F|
|poke|p1|Dragapult, M|
|poke|p2|Ninetales, F|
|poke|p2|Cinderace, M|
|poke|p2|Leafeon, F|
|poke|p2|Dragapult, F|
|poke|p2|Excadrill, F|
|poke|p2|Rotom-Heat|
|rule|Dynamax Clause: You cannot dynamax
|teampreview
|c|☆Diablo Dinero|happy new year homie
|inactive|Battle timer is ON: inactive players will automatically lose when time's up. (requested by Diablo Dinero)
|
|start
|switch|p1a: Dragapult|Dragapult, M|100/100
|switch|p2a: Ninetales|Ninetales, F|100/100
|-weather|SunnyDay|[from] ability: Drought|[of] p2a: Ninetales
|turn|1
|c|☆Qwerty328|first game of 2020
|
|move|p1a: Dragapult|Draco Meteor|p2a: Ninetales
|-damage|p2a: Ninetales|0 fnt
|-unboost|p1a: Dragapult|spa|2
|faint|p2a: Ninetales
|
|-weather|SunnyDay|[upkeep]
|upkeep
|c|☆Diablo Dinero|yup
|
|switch|p2a: Rotom|Rotom-Heat|100/100
|turn|2
|
|switch|p1a: Galvantula|Galvantula, M|100/100
|move|p2a: Rotom|Nasty Plot|p2a: Rotom
|-boost|p2a: Rotom|spa|2
|
|-weather|SunnyDay|[upkeep]
|upkeep
|turn|3
|
|move|p1a: Galvantula|Sticky Web|p2a: Rotom
|-sidestart|p2: Qwerty328|move: Sticky Web
|move|p2a: Rotom|Overheat|p1a: Galvantula
|-supereffective|p1a: Galvantula
|-enditem|p1a: Galvantula|Focus Sash
|-damage|p1a: Galvantula|1/100
|-unboost|p2a: Rotom|spa|2
|-damage|p2a: Rotom|91/100|[from] item: Life Orb
|
|-weather|SunnyDay|[upkeep]
|upkeep
|turn|4
|
|move|p1a: Galvantula|Thunder|p2a: Rotom
|-resisted|p2a: Rotom
|-damage|p2a: Rotom|59/100
|move|p2a: Rotom|Thunderbolt|p1a: Galvantula
|-resisted|p1a: Galvantula
|-crit|p1a: Galvantula
|-damage|p1a: Galvantula|0 fnt
|-damage|p2a: Rotom|49/100|[from] item: Life Orb
|faint|p1a: Galvantula
|
|-weather|SunnyDay|[upkeep]
|upkeep
|
|switch|p1a: Excadrill|Excadrill, M|100/100
|-ability|p1a: Excadrill|Mold Breaker
|turn|5
|
|switch|p2a: Excadrill|Excadrill, F|100/100
|-activate|p2a: Excadrill|move: Sticky Web
|-unboost|p2a: Excadrill|spe|1
|-ability|p2a: Excadrill|Mold Breaker
|move|p1a: Excadrill|Earthquake|p2a: Excadrill
|-supereffective|p2a: Excadrill
|-damage|p2a: Excadrill|0 fnt
|faint|p2a: Excadrill
|
|-weather|none
|upkeep
|
|switch|p2a: Leafeon|Leafeon, F|100/100
|-activate|p2a: Leafeon|move: Sticky Web
|-unboost|p2a: Leafeon|spe|1
|turn|6
|
|switch|p1a: Corviknight|Corviknight, M|100/100
|-ability|p1a: Corviknight|Pressure
|move|p2a: Leafeon|Swords Dance|p2a: Leafeon
|-boost|p2a: Leafeon|atk|2
|
|upkeep
|turn|7
|c|☆Qwerty328|note to self add sunny day user
|
|switch|p2a: Rotom|Rotom-Heat|49/100
|move|p1a: Corviknight|Bulk Up|p1a: Corviknight
|-boost|p1a: Corviknight|atk|1
|-boost|p1a: Corviknight|def|1
|
|upkeep
|turn|8
|c|☆Diablo Dinero|lmaoooo
|
|switch|p1a: Dragapult|Dragapult, M|100/100
|move|p2a: Rotom|Overheat|p1a: Dragapult
|-resisted|p1a: Dragapult
|-crit|p1a: Dragapult
|-damage|p1a: Dragapult|22/100
|-unboost|p2a: Rotom|spa|2
|-damage|p2a: Rotom|40/100|[from] item: Life Orb
|
|upkeep
|turn|9
|c|☆Qwerty328|I'm doing some
|c|☆Qwerty328|reasearch on sun teams for an article
|
|move|p1a: Dragapult|Shadow Ball|p2a: Rotom
|-damage|p2a: Rotom|0 fnt
|faint|p2a: Rotom
|
|upkeep
|
|switch|p2a: Dragapult|Dragapult, F|100/100
|-activate|p2a: Dragapult|move: Sticky Web
|-unboost|p2a: Dragapult|spe|1
|turn|10
|c|☆Diablo Dinero|sun kinda dead this gen
|
|move|p1a: Dragapult|Shadow Ball|p2a: Dragapult
|-supereffective|p2a: Dragapult
|-damage|p2a: Dragapult|0 fnt
|faint|p2a: Dragapult
|
|upkeep
|c|☆Qwerty328|I'm gonna pertend it ain't for an article of mine
|
|switch|p2a: Cinderace|Cinderace, M|100/100
|-activate|p2a: Cinderace|move: Sticky Web
|-unboost|p2a: Cinderace|spe|1
|turn|11
|c|☆Diablo Dinero|oh you're doing it
|
|move|p1a: Dragapult|Shadow Ball|p2a: Cinderace
|-damage|p2a: Cinderace|17/100
|move|p2a: Cinderace|Pyro Ball|p1a: Dragapult
|-resisted|p1a: Dragapult
|-damage|p1a: Dragapult|0 fnt
|faint|p1a: Dragapult
|
|upkeep
|c|☆Qwerty328|yeah
|inactive|Diablo Dinero has 120 seconds left.
|c|☆Diablo Dinero|well bless up on the article ho ie
|c|☆Diablo Dinero|homie
|
|switch|p1a: Dracovish|Dracovish|100/100
|turn|12
|c|☆Qwerty328|r/pokemon showdown
|
|move|p1a: Dracovish|Fishious Rend|p2a: Cinderace
|-supereffective|p2a: Cinderace
|-damage|p2a: Cinderace|0 fnt
|faint|p2a: Cinderace
|
|upkeep
|
|switch|p2a: Leafeon|Leafeon, F|100/100
|-activate|p2a: Leafeon|move: Sticky Web
|-unboost|p2a: Leafeon|spe|1
|turn|13
|
|move|p1a: Dracovish|Fishious Rend|p2a: Leafeon
|-resisted|p2a: Leafeon
|-damage|p2a: Leafeon|29/100
|move|p2a: Leafeon|Double-Edge|p1a: Dracovish
|-damage|p1a: Dracovish|55/100
|-damage|p2a: Leafeon|11/100|[from] Recoil
|
|-heal|p2a: Leafeon|17/100|[from] item: Leftovers
|upkeep
|turn|14
|c|☆Qwerty328|gg
|
|move|p1a: Dracovish|Fishious Rend|p2a: Leafeon
|-resisted|p2a: Leafeon
|-damage|p2a: Leafeon|0 fnt
|faint|p2a: Leafeon
|
|win|Diablo Dinero
|c|☆Diablo Dinero|gg
|raw|Diablo Dinero's rating: 1240 → 1264(+24 for winning)
|raw|Qwerty328's rating: 1224 → 1200(-24 for losing)
|c|☆Diablo Dinero|bless up
|l|☆Diablo Dinero
