|ScrapeTime|2020-01-02-03:52:24
|j|☆Ohio State Cheats
|j|☆Dinho1
|player|p1|Ohio State Cheats|swimmerf-gen4dp|1157
|player|p2|Dinho1|102|1153
|teamsize|p1|6
|teamsize|p2|6
|gametype|singles
|gen|8
|tier|[Gen 8] OU
|rated|
|rule|Sleep Clause Mod: Limit one foe put to sleep
|rule|Species Clause: Limit one of each Pokémon
|rule|OHKO Clause: OHKO moves are banned
|rule|Evasion Moves Clause: Evasion moves are banned
|rule|Endless Battle Clause: Forcing endless battles is banned
|rule|HP Percentage Mod: HP is shown in percentages
|clearpoke
|poke|p1|Gyarados, M|
|poke|p1|Lanturn, F|
|poke|p1|Gastrodon, F|
|poke|p1|Seismitoad, M|
|poke|p1|Araquanid, F|
|poke|p1|Toxapex, F|
|poke|p2|Tyranitar, F|
|poke|p2|Mew|
|poke|p2|Ferrothorn, M|
|poke|p2|Excadrill, M|
|poke|p2|Toxapex, M|
|poke|p2|Dracovish|
|rule|Dynamax Clause: You cannot dynamax
|teampreview
|inactive|Battle timer is ON: inactive players will automatically lose when time's up. (requested by Dinho1)
|
|start
|switch|p1a: Gyarados|Gyarados, M|100/100
|switch|p2a: Mew|Mew|100/100
|turn|1
|
|switch|p2a: Toxapex|Toxapex, M|100/100
|switch|p1a: Araquanid|Araquanid, F|100/100
|
|upkeep
|turn|2
|
|move|p1a: Araquanid|Sticky Web|p2a: Toxapex
|-sidestart|p2: Dinho1|move: Sticky Web
|move|p2a: Toxapex|Toxic Spikes|p1a: Araquanid
|-sidestart|p1: Ohio State Cheats|move: Toxic Spikes
|
|upkeep
|turn|3
|
|switch|p2a: Ferrothorn|Ferrothorn, M|100/100
|-activate|p2a: Ferrothorn|move: Sticky Web
|-unboost|p2a: Ferrothorn|spe|1
|move|p1a: Araquanid|Lunge|p2a: Ferrothorn
|-damage|p2a: Ferrothorn|91/100
|-damage|p1a: Araquanid|88/100|[from] ability: Iron Barbs|[of] p2a: Ferrothorn
|-unboost|p2a: Ferrothorn|atk|1
|
|-heal|p1a: Araquanid|94/100|[from] item: Leftovers
|-heal|p2a: Ferrothorn|97/100|[from] item: Leftovers
|upkeep
|turn|4
|
|switch|p1a: Gyarados|Gyarados, M|100/100
|move|p2a: Ferrothorn|Leech Seed|p1a: Gyarados
|-start|p1a: Gyarados|move: Leech Seed
|
|-heal|p2a: Ferrothorn|100/100|[from] item: Leftovers
|-damage|p1a: Gyarados|88/100|[from] Leech Seed|[of] p2a: Ferrothorn
|upkeep
|turn|5
|
|move|p1a: Gyarados|Fire Blast|p2a: Ferrothorn
|-supereffective|p2a: Ferrothorn
|-damage|p2a: Ferrothorn|44/100
|-status|p2a: Ferrothorn|brn
|move|p2a: Ferrothorn|Thunder Wave|p1a: Gyarados|[miss]
|-miss|p2a: Ferrothorn|p1a: Gyarados
|
|-heal|p1a: Gyarados|94/100|[from] item: Leftovers
|-heal|p2a: Ferrothorn|50/100 brn|[from] item: Leftovers
|-damage|p1a: Gyarados|82/100|[from] Leech Seed|[of] p2a: Ferrothorn
|-heal|p2a: Ferrothorn|62/100 brn|[silent]
|-damage|p2a: Ferrothorn|55/100 brn|[from] brn
|upkeep
|turn|6
|
|switch|p1a: Toxapex|Toxapex, F|100/100
|-sideend|p1: Ohio State Cheats|move: Toxic Spikes|[of] p1a: Toxapex
|switch|p2a: Toxapex|Toxapex, M|100/100
|-activate|p2a: Toxapex|move: Sticky Web
|-unboost|p2a: Toxapex|spe|1
|
|upkeep
|turn|7
|
|switch|p2a: Excadrill|Excadrill, M|100/100
|-activate|p2a: Excadrill|move: Sticky Web
|-unboost|p2a: Excadrill|spe|1
|-ability|p2a: Excadrill|Mold Breaker
|move|p1a: Toxapex|Toxic Spikes|p2a: Excadrill
|-sidestart|p2: Dinho1|move: Toxic Spikes
|
|upkeep
|turn|8
|
|move|p2a: Excadrill|Rapid Spin|p1a: Toxapex
|-damage|p1a: Toxapex|87/100
|-sideend|p2: Dinho1|Toxic Spikes|[from] move: Rapid Spin|[of] p2a: Excadrill
|-sideend|p2: Dinho1|Sticky Web|[from] move: Rapid Spin|[of] p2a: Excadrill
|-boost|p2a: Excadrill|spe|1
|move|p1a: Toxapex|Scald|p2a: Excadrill
|-supereffective|p2a: Excadrill
|-damage|p2a: Excadrill|59/100
|-status|p2a: Excadrill|brn
|
|-heal|p2a: Excadrill|65/100 brn|[from] item: Leftovers
|-heal|p1a: Toxapex|93/100|[from] item: Black Sludge
|-damage|p2a: Excadrill|59/100 brn|[from] brn
|upkeep
|turn|9
|
|move|p2a: Excadrill|Stealth Rock|p1a: Toxapex
|-sidestart|p1: Ohio State Cheats|move: Stealth Rock
|move|p1a: Toxapex|Toxic Spikes|p2a: Excadrill
|-sidestart|p2: Dinho1|move: Toxic Spikes
|
|-heal|p2a: Excadrill|65/100 brn|[from] item: Leftovers
|-heal|p1a: Toxapex|99/100|[from] item: Black Sludge
|-damage|p2a: Excadrill|59/100 brn|[from] brn
|upkeep
|turn|10
|
|move|p2a: Excadrill|Rapid Spin|p1a: Toxapex
|-damage|p1a: Toxapex|93/100
|-sideend|p2: Dinho1|Toxic Spikes|[from] move: Rapid Spin|[of] p2a: Excadrill
|-boost|p2a: Excadrill|spe|1
|move|p1a: Toxapex|Toxic Spikes|p2a: Excadrill
|-sidestart|p2: Dinho1|move: Toxic Spikes
|
|-heal|p2a: Excadrill|65/100 brn|[from] item: Leftovers
|-heal|p1a: Toxapex|99/100|[from] item: Black Sludge
|-damage|p2a: Excadrill|59/100 brn|[from] brn
|upkeep
|turn|11
|
|move|p2a: Excadrill|Rapid Spin|p1a: Toxapex
|-damage|p1a: Toxapex|93/100
|-sideend|p2: Dinho1|Toxic Spikes|[from] move: Rapid Spin|[of] p2a: Excadrill
|-boost|p2a: Excadrill|spe|1
|move|p1a: Toxapex|Toxic Spikes|p2a: Excadrill
|-sidestart|p2: Dinho1|move: Toxic Spikes
|
|-heal|p2a: Excadrill|65/100 brn|[from] item: Leftovers
|-heal|p1a: Toxapex|99/100|[from] item: Black Sludge
|-damage|p2a: Excadrill|59/100 brn|[from] brn
|upkeep
|turn|12
|
|move|p2a: Excadrill|Earthquake|p1a: Toxapex
|-supereffective|p1a: Toxapex
|-crit|p1a: Toxapex
|-damage|p1a: Toxapex|38/100
|move|p1a: Toxapex|Toxic Spikes|p2a: Excadrill
|-sidestart|p2: Dinho1|move: Toxic Spikes
|
|-heal|p2a: Excadrill|65/100 brn|[from] item: Leftovers
|-heal|p1a: Toxapex|44/100|[from] item: Black Sludge
|-damage|p2a: Excadrill|59/100 brn|[from] brn
|upkeep
|turn|13
|
|switch|p1a: Araquanid|Araquanid, F|94/100
|-damage|p1a: Araquanid|70/100|[from] Stealth Rock
|move|p2a: Excadrill|Rapid Spin|p1a: Araquanid
|-damage|p1a: Araquanid|60/100
|-sideend|p2: Dinho1|Toxic Spikes|[from] move: Rapid Spin|[of] p2a: Excadrill
|-boost|p2a: Excadrill|spe|1
|
|-heal|p2a: Excadrill|65/100 brn|[from] item: Leftovers
|-heal|p1a: Araquanid|67/100|[from] item: Leftovers
|-damage|p2a: Excadrill|59/100 brn|[from] brn
|upkeep
|turn|14
|
|switch|p2a: Ferrothorn|Ferrothorn, M|55/100 brn
|move|p1a: Araquanid|Lunge|p2a: Ferrothorn
|-damage|p2a: Ferrothorn|45/100 brn
|-damage|p1a: Araquanid|54/100|[from] ability: Iron Barbs|[of] p2a: Ferrothorn
|-unboost|p2a: Ferrothorn|atk|1
|
|-heal|p1a: Araquanid|60/100|[from] item: Leftovers
|-heal|p2a: Ferrothorn|51/100 brn|[from] item: Leftovers
|-damage|p2a: Ferrothorn|45/100 brn|[from] brn
|upkeep
|turn|15
|
|move|p1a: Araquanid|Sticky Web|p2a: Ferrothorn
|-sidestart|p2: Dinho1|move: Sticky Web
|move|p2a: Ferrothorn|Leech Seed|p1a: Araquanid|[miss]
|-miss|p2a: Ferrothorn|p1a: Araquanid
|
|-heal|p1a: Araquanid|67/100|[from] item: Leftovers
|-heal|p2a: Ferrothorn|51/100 brn|[from] item: Leftovers
|-damage|p2a: Ferrothorn|45/100 brn|[from] brn
|upkeep
|turn|16
|
|move|p1a: Araquanid|Lunge|p2a: Ferrothorn
|-damage|p2a: Ferrothorn|35/100 brn
|-damage|p1a: Araquanid|54/100|[from] ability: Iron Barbs|[of] p2a: Ferrothorn
|-unboost|p2a: Ferrothorn|atk|1
|move|p2a: Ferrothorn|Leech Seed|p1a: Araquanid
|-start|p1a: Araquanid|move: Leech Seed
|
|-heal|p1a: Araquanid|60/100|[from] item: Leftovers
|-heal|p2a: Ferrothorn|42/100 brn|[from] item: Leftovers
|-damage|p1a: Araquanid|48/100|[from] Leech Seed|[of] p2a: Ferrothorn
|-heal|p2a: Ferrothorn|54/100 brn|[silent]
|-damage|p2a: Ferrothorn|47/100 brn|[from] brn
|upkeep
|turn|17
|
|switch|p1a: Seismitoad|Seismitoad, M|100/100
|-damage|p1a: Seismitoad|94/100|[from] Stealth Rock
|move|p2a: Ferrothorn|Thunder Wave|p1a: Seismitoad
|-immune|p1a: Seismitoad
|
|-heal|p1a: Seismitoad|100/100|[from] item: Leftovers
|-heal|p2a: Ferrothorn|54/100 brn|[from] item: Leftovers
|-damage|p2a: Ferrothorn|47/100 brn|[from] brn
|upkeep
|turn|18
|
|move|p1a: Seismitoad|Stealth Rock|p2a: Ferrothorn
|-sidestart|p2: Dinho1|move: Stealth Rock
|move|p2a: Ferrothorn|Leech Seed|p1a: Seismitoad
|-start|p1a: Seismitoad|move: Leech Seed
|
|-heal|p2a: Ferrothorn|54/100 brn|[from] item: Leftovers
|-damage|p1a: Seismitoad|88/100|[from] Leech Seed|[of] p2a: Ferrothorn
|-heal|p2a: Ferrothorn|68/100 brn|[silent]
|-damage|p2a: Ferrothorn|62/100 brn|[from] brn
|upkeep
|turn|19
|
|switch|p2a: Excadrill|Excadrill, M|59/100 brn
|-activate|p2a: Excadrill|move: Sticky Web
|-unboost|p2a: Excadrill|spe|1
|-damage|p2a: Excadrill|56/100 brn|[from] Stealth Rock
|-ability|p2a: Excadrill|Mold Breaker
|move|p1a: Seismitoad|Earthquake|p2a: Excadrill
|-supereffective|p2a: Excadrill
|-damage|p2a: Excadrill|0 fnt
|faint|p2a: Excadrill
|
|-heal|p1a: Seismitoad|94/100|[from] item: Leftovers
|upkeep
|inactive|Dinho1 has 120 seconds left.
|l|☆Dinho1
|inactive|Dinho1 disconnected and has a minute to reconnect!
|player|p2|
|inactive|Dinho1 has 30 seconds to reconnect!
|inactive|Dinho1 has 20 seconds to reconnect!
|inactive|Dinho1 has 15 seconds to reconnect!
|inactive|Dinho1 has 10 seconds to reconnect!
|inactive|Dinho1 has 5 seconds to reconnect!
|-message|Dinho1 lost due to inactivity.
|
|win|Ohio State Cheats
|raw|Ohio State Cheats's rating: 1157 → 1182(+25 for winning)
|raw|Dinho1's rating: 1153 → 1129(-24 for losing)
