|ScrapeTime|2020-01-01-22:48:51
|j|☆insidemynose
|j|☆goodudegood
|player|p1|insidemynose|10|1288
|player|p2|goodudegood|143|1287
|teamsize|p1|6
|teamsize|p2|6
|gametype|singles
|gen|8
|tier|[Gen 8] OU
|rated|
|rule|Sleep Clause Mod: Limit one foe put to sleep
|rule|Species Clause: Limit one of each Pokémon
|rule|OHKO Clause: OHKO moves are banned
|rule|Evasion Moves Clause: Evasion moves are banned
|rule|Endless Battle Clause: Forcing endless battles is banned
|rule|HP Percentage Mod: HP is shown in percentages
|clearpoke
|poke|p1|Dugtrio, M|
|poke|p1|Diglett, F|
|poke|p1|Tyranitar, M|
|poke|p1|Vaporeon, F|
|poke|p1|Toxapex, M|
|poke|p1|Corviknight, M|
|poke|p2|Vaporeon, F|
|poke|p2|Silvally-*|
|poke|p2|Clefable, F|
|poke|p2|Hydreigon, F|
|poke|p2|Mandibuzz, F|
|poke|p2|Excadrill, M|
|rule|Dynamax Clause: You cannot dynamax
|teampreview
|
|start
|switch|p1a: Diglett|Diglett, F|100/100
|switch|p2a: Hydreigon|Hydreigon, F|100/100
|turn|1
|
|switch|p1a: Tyranitar|Tyranitar, M|100/100
|-weather|Sandstorm|[from] ability: Sand Stream|[of] p1a: Tyranitar
|move|p2a: Hydreigon|Dark Pulse|p1a: Tyranitar
|-resisted|p1a: Tyranitar
|-damage|p1a: Tyranitar|93/100
|
|-weather|Sandstorm|[upkeep]
|-damage|p2a: Hydreigon|94/100|[from] Sandstorm
|upkeep
|turn|2
|
|switch|p2a: Vaporeon|Vaporeon, F|100/100
|move|p1a: Tyranitar|Avalanche|p2a: Vaporeon
|-resisted|p2a: Vaporeon
|-damage|p2a: Vaporeon|90/100
|
|-weather|Sandstorm|[upkeep]
|-damage|p2a: Vaporeon|84/100|[from] Sandstorm
|-heal|p2a: Vaporeon|90/100|[from] item: Leftovers
|upkeep
|turn|3
|
|switch|p1a: Toxapex|Toxapex, M|100/100
|move|p2a: Vaporeon|Scald|p1a: Toxapex
|-resisted|p1a: Toxapex
|-damage|p1a: Toxapex|92/100
|-status|p1a: Toxapex|brn
|
|-weather|Sandstorm|[upkeep]
|-damage|p2a: Vaporeon|84/100|[from] Sandstorm
|-damage|p1a: Toxapex|85/100 brn|[from] Sandstorm
|-heal|p2a: Vaporeon|90/100|[from] item: Leftovers
|-damage|p1a: Toxapex|79/100 brn|[from] brn
|upkeep
|turn|4
|
|switch|p2a: Silvally|Silvally-Steel|100/100
|move|p1a: Toxapex|Toxic|p2a: Silvally
|-immune|p2a: Silvally
|
|-weather|Sandstorm|[upkeep]
|-damage|p1a: Toxapex|73/100 brn|[from] Sandstorm
|-damage|p1a: Toxapex|67/100 brn|[from] brn
|upkeep
|turn|5
|
|move|p2a: Silvally|Multi-Attack|p1a: Toxapex
|-resisted|p1a: Toxapex
|-damage|p1a: Toxapex|47/100 brn
|move|p1a: Toxapex|Recover|p1a: Toxapex
|-heal|p1a: Toxapex|97/100 brn
|
|-weather|none
|-damage|p1a: Toxapex|91/100 brn|[from] brn
|upkeep
|turn|6
|
|switch|p1a: Corviknight|Corviknight, M|100/100
|-ability|p1a: Corviknight|Pressure
|move|p2a: Silvally|Parting Shot|p1a: Corviknight
|-unboost|p1a: Corviknight|atk|1
|-unboost|p1a: Corviknight|spa|1
|
|switch|p2a: Mandibuzz|Mandibuzz, F|100/100|[from]move: Parting Shot
|
|upkeep
|turn|7
|
|move|p2a: Mandibuzz|Knock Off|p1a: Corviknight
|-damage|p1a: Corviknight|81/100
|-enditem|p1a: Corviknight|Leftovers|[from] move: Knock Off|[of] p2a: Mandibuzz
|move|p1a: Corviknight|Body Press|p2a: Mandibuzz
|-damage|p2a: Mandibuzz|89/100
|
|-heal|p2a: Mandibuzz|96/100|[from] item: Leftovers
|upkeep
|turn|8
|
|move|p2a: Mandibuzz|Foul Play|p1a: Corviknight
|-crit|p1a: Corviknight
|-damage|p1a: Corviknight|43/100
|move|p1a: Corviknight|Roost|p1a: Corviknight
|-heal|p1a: Corviknight|93/100
|-singleturn|p1a: Corviknight|move: Roost
|
|-heal|p2a: Mandibuzz|100/100|[from] item: Leftovers
|upkeep
|turn|9
|
|switch|p1a: Toxapex|Toxapex, M|100/100 brn
|move|p2a: Mandibuzz|Knock Off|p1a: Toxapex
|-damage|p1a: Toxapex|81/100 brn
|-enditem|p1a: Toxapex|Shed Shell|[from] move: Knock Off|[of] p2a: Mandibuzz
|
|-damage|p1a: Toxapex|75/100 brn|[from] brn
|upkeep
|turn|10
|
|switch|p2a: Silvally|Silvally-Steel|100/100
|move|p1a: Toxapex|Toxic Spikes|p2a: Silvally
|-sidestart|p2: goodudegood|move: Toxic Spikes
|
|-damage|p1a: Toxapex|69/100 brn|[from] brn
|upkeep
|turn|11
|c|☆goodudegood|!dt shed shell
|raw| Shed Shell Holder may switch out even when trapped by another Pokemon, or by Ingrain. 
|raw|Gen: 4 |&ThickSpaceFling Base Power: 10

|
|move|p2a: Silvally|Multi-Attack|p1a: Toxapex
|-resisted|p1a: Toxapex
|-crit|p1a: Toxapex
|-damage|p1a: Toxapex|41/100 brn
|move|p1a: Toxapex|Toxic Spikes|p2a: Silvally
|-sidestart|p2: goodudegood|move: Toxic Spikes
|
|-damage|p1a: Toxapex|35/100 brn|[from] brn
|upkeep
|turn|12
|
|move|p2a: Silvally|Multi-Attack|p1a: Toxapex
|-resisted|p1a: Toxapex
|-damage|p1a: Toxapex|16/100 brn
|move|p1a: Toxapex|Recover|p1a: Toxapex
|-heal|p1a: Toxapex|66/100 brn
|
|-damage|p1a: Toxapex|59/100 brn|[from] brn
|upkeep
|turn|13
|
|switch|p2a: Clefable|Clefable, F|100/100
|-status|p2a: Clefable|tox
|switch|p1a: Vaporeon|Vaporeon, F|100/100
|
|upkeep
|turn|14
|
|move|p1a: Vaporeon|Wish|p1a: Vaporeon
|move|p2a: Clefable|Thunderbolt|p1a: Vaporeon
|-supereffective|p1a: Vaporeon
|-damage|p1a: Vaporeon|59/100
|
|-heal|p1a: Vaporeon|65/100|[from] item: Leftovers
|upkeep
|turn|15
|
|move|p1a: Vaporeon|Protect|p1a: Vaporeon
|-singleturn|p1a: Vaporeon|Protect
|move|p2a: Clefable|Moonblast|p1a: Vaporeon
|-activate|p1a: Vaporeon|move: Protect
|
|-heal|p1a: Vaporeon|100/100|[from] move: Wish|[wisher] Vaporeon
|upkeep
|turn|16
|
|move|p1a: Vaporeon|Wish|p1a: Vaporeon
|move|p2a: Clefable|Thunderbolt|p1a: Vaporeon
|-supereffective|p1a: Vaporeon
|-damage|p1a: Vaporeon|54/100
|
|-heal|p1a: Vaporeon|61/100|[from] item: Leftovers
|upkeep
|turn|17
|
|switch|p1a: Diglett|Diglett, F|100/100
|move|p2a: Clefable|Shadow Ball|p1a: Diglett
|-enditem|p1a: Diglett|Focus Sash
|-damage|p1a: Diglett|1/100
|-unboost|p1a: Diglett|spd|1
|
|-heal|p1a: Diglett|100/100|[from] move: Wish|[wisher] Vaporeon
|upkeep
|turn|18
|
|move|p1a: Diglett|Screech|p2a: Clefable
|-unboost|p2a: Clefable|def|2
|move|p2a: Clefable|Moonblast|p1a: Diglett
|-damage|p1a: Diglett|0 fnt
|faint|p1a: Diglett
|
|upkeep
|
|switch|p1a: Dugtrio|Dugtrio, M|100/100
|turn|19
|
|move|p1a: Dugtrio|Earthquake|p2a: Clefable
|-damage|p2a: Clefable|0 fnt
|faint|p2a: Clefable
|
|upkeep
|
|switch|p2a: Mandibuzz|Mandibuzz, F|100/100
|turn|20
|
|move|p1a: Dugtrio|Stone Edge|p2a: Mandibuzz
|-supereffective|p2a: Mandibuzz
|-damage|p2a: Mandibuzz|64/100
|move|p2a: Mandibuzz|Defog|p1a: Dugtrio
|-unboost|p1a: Dugtrio|evasion|1
|-sideend|p2: goodudegood|Toxic Spikes|[from] move: Defog|[of] p2a: Mandibuzz
|
|-heal|p2a: Mandibuzz|70/100|[from] item: Leftovers
|upkeep
|turn|21
|
|switch|p1a: Tyranitar|Tyranitar, M|93/100
|-weather|Sandstorm|[from] ability: Sand Stream|[of] p1a: Tyranitar
|move|p2a: Mandibuzz|Foul Play|p1a: Tyranitar
|-resisted|p1a: Tyranitar
|-damage|p1a: Tyranitar|71/100
|
|-weather|Sandstorm|[upkeep]
|-heal|p2a: Mandibuzz|76/100|[from] item: Leftovers
|upkeep
|turn|22
|
|move|p2a: Mandibuzz|Knock Off|p1a: Tyranitar
|-resisted|p1a: Tyranitar
|-damage|p1a: Tyranitar|63/100
|-enditem|p1a: Tyranitar|Assault Vest|[from] move: Knock Off|[of] p2a: Mandibuzz
|move|p1a: Tyranitar|Rock Blast|p2a: Mandibuzz|[miss]
|-miss|p1a: Tyranitar|p2a: Mandibuzz
|
|-weather|Sandstorm|[upkeep]
|-heal|p2a: Mandibuzz|82/100|[from] item: Leftovers
|upkeep
|turn|23
|
|move|p2a: Mandibuzz|Foul Play|p1a: Tyranitar
|-resisted|p1a: Tyranitar
|-damage|p1a: Tyranitar|41/100
|move|p1a: Tyranitar|Crunch|p2a: Mandibuzz
|-resisted|p2a: Mandibuzz
|-damage|p2a: Mandibuzz|70/100
|
|-weather|Sandstorm|[upkeep]
|-heal|p2a: Mandibuzz|76/100|[from] item: Leftovers
|upkeep
|turn|24
|
|move|p2a: Mandibuzz|Foul Play|p1a: Tyranitar
|-resisted|p1a: Tyranitar
|-damage|p1a: Tyranitar|18/100
|move|p1a: Tyranitar|Rock Blast|p2a: Mandibuzz
|-supereffective|p2a: Mandibuzz
|-damage|p2a: Mandibuzz|60/100
|-supereffective|p2a: Mandibuzz
|-damage|p2a: Mandibuzz|44/100
|-hitcount|p2a: Mandibuzz|2
|
|-weather|Sandstorm|[upkeep]
|-heal|p2a: Mandibuzz|50/100|[from] item: Leftovers
|upkeep
|turn|25
|
|switch|p1a: Toxapex|Toxapex, M|93/100 brn
|move|p2a: Mandibuzz|Foul Play|p1a: Toxapex
|-damage|p1a: Toxapex|80/100 brn
|
|-weather|none
|-heal|p2a: Mandibuzz|57/100|[from] item: Leftovers
|-damage|p1a: Toxapex|74/100 brn|[from] brn
|upkeep
|turn|26
|
|switch|p2a: Silvally|Silvally-Steel|100/100
|move|p1a: Toxapex|Toxic|p2a: Silvally
|-immune|p2a: Silvally
|
|-damage|p1a: Toxapex|68/100 brn|[from] brn
|upkeep
|turn|27
|
|move|p2a: Silvally|Thunder Wave||[still]
|-fail|p2a: Silvally
|move|p1a: Toxapex|Recover|p1a: Toxapex
|-heal|p1a: Toxapex|100/100 brn
|
|-damage|p1a: Toxapex|94/100 brn|[from] brn
|upkeep
|turn|28
|
|move|p2a: Silvally|Thunder Wave|p1a: Toxapex|[miss]
|-miss|p2a: Silvally|p1a: Toxapex
|move|p1a: Toxapex|Toxic Spikes|p2a: Silvally
|-sidestart|p2: goodudegood|move: Toxic Spikes
|
|-damage|p1a: Toxapex|88/100 brn|[from] brn
|upkeep
|turn|29
|
|switch|p1a: Tyranitar|Tyranitar, M|18/100
|-weather|Sandstorm|[from] ability: Sand Stream|[of] p1a: Tyranitar
|move|p2a: Silvally|Thunder Wave|p1a: Tyranitar
|-status|p1a: Tyranitar|par
|
|-weather|Sandstorm|[upkeep]
|upkeep
|turn|30
|
|move|p2a: Silvally|Multi-Attack|p1a: Tyranitar
|-supereffective|p1a: Tyranitar
|-damage|p1a: Tyranitar|0 fnt
|faint|p1a: Tyranitar
|
|-weather|Sandstorm|[upkeep]
|upkeep
|
|switch|p1a: Dugtrio|Dugtrio, M|100/100
|turn|31
|
|move|p1a: Dugtrio|Earthquake|p2a: Silvally
|-supereffective|p2a: Silvally
|-damage|p2a: Silvally|6/100
|move|p2a: Silvally|Multi-Attack|p1a: Dugtrio
|-enditem|p1a: Dugtrio|Focus Sash
|-damage|p1a: Dugtrio|1/100
|
|-weather|Sandstorm|[upkeep]
|upkeep
|turn|32
|
|move|p1a: Dugtrio|Earthquake|p2a: Silvally
|-supereffective|p2a: Silvally
|-damage|p2a: Silvally|0 fnt
|faint|p2a: Silvally
|
|-weather|Sandstorm|[upkeep]
|upkeep
|
|switch|p2a: Hydreigon|Hydreigon, F|94/100
|turn|33
|
|move|p2a: Hydreigon|Dark Pulse|p1a: Dugtrio
|-damage|p1a: Dugtrio|0 fnt
|faint|p1a: Dugtrio
|
|-weather|none
|upkeep
|
|switch|p1a: Toxapex|Toxapex, M|100/100 brn
|turn|34
|
|switch|p2a: Excadrill|Excadrill, M|100/100
|-ability|p2a: Excadrill|Mold Breaker
|move|p1a: Toxapex|Toxic Spikes|p2a: Excadrill
|-sidestart|p2: goodudegood|move: Toxic Spikes
|
|-damage|p1a: Toxapex|94/100 brn|[from] brn
|upkeep
|turn|35
|
|switch|p1a: Corviknight|Corviknight, M|93/100
|-ability|p1a: Corviknight|Pressure
|move|p2a: Excadrill|Stealth Rock|p1a: Corviknight
|-sidestart|p1: insidemynose|move: Stealth Rock
|
|upkeep
|turn|36
|
|move|p2a: Excadrill|Rapid Spin|p1a: Corviknight
|-resisted|p1a: Corviknight
|-damage|p1a: Corviknight|86/100
|-sideend|p2: goodudegood|Toxic Spikes|[from] move: Rapid Spin|[of] p2a: Excadrill
|-boost|p2a: Excadrill|spe|1
|move|p1a: Corviknight|Body Press|p2a: Excadrill
|-supereffective|p2a: Excadrill
|-damage|p2a: Excadrill|49/100
|
|upkeep
|turn|37
|
|switch|p2a: Mandibuzz|Mandibuzz, F|57/100
|move|p1a: Corviknight|Defog|p2a: Mandibuzz
|-unboost|p2a: Mandibuzz|evasion|1
|-sideend|p1: insidemynose|Stealth Rock|[from] move: Defog|[of] p1a: Corviknight
|
|-heal|p2a: Mandibuzz|63/100|[from] item: Leftovers
|upkeep
|turn|38
|
|move|p2a: Mandibuzz|Roost|p2a: Mandibuzz
|-heal|p2a: Mandibuzz|100/100
|-singleturn|p2a: Mandibuzz|move: Roost
|move|p1a: Corviknight|Taunt|p2a: Mandibuzz
|-start|p2a: Mandibuzz|move: Taunt
|
|upkeep
|turn|39
|
|switch|p1a: Toxapex|Toxapex, M|100/100 brn
|move|p2a: Mandibuzz|Knock Off|p1a: Toxapex
|-damage|p1a: Toxapex|88/100 brn
|
|-damage|p1a: Toxapex|82/100 brn|[from] brn
|upkeep
|turn|40
|
|switch|p2a: Excadrill|Excadrill, M|49/100
|-ability|p2a: Excadrill|Mold Breaker
|move|p1a: Toxapex|Toxic|p2a: Excadrill
|-immune|p2a: Excadrill
|
|-damage|p1a: Toxapex|76/100 brn|[from] brn
|upkeep
|turn|41
|
|switch|p1a: Corviknight|Corviknight, M|86/100
|-ability|p1a: Corviknight|Pressure
|move|p2a: Excadrill|Earthquake|p1a: Corviknight
|-immune|p1a: Corviknight
|
|upkeep
|turn|42
|
|switch|p2a: Mandibuzz|Mandibuzz, F|100/100
|move|p1a: Corviknight|Body Press|p2a: Mandibuzz
|-damage|p2a: Mandibuzz|90/100
|
|-heal|p2a: Mandibuzz|96/100|[from] item: Leftovers
|upkeep
|turn|43
|
|switch|p1a: Toxapex|Toxapex, M|100/100 brn
|move|p2a: Mandibuzz|Knock Off|p1a: Toxapex
|-damage|p1a: Toxapex|88/100 brn
|
|-heal|p2a: Mandibuzz|100/100|[from] item: Leftovers
|-damage|p1a: Toxapex|81/100 brn|[from] brn
|upkeep
|turn|44
|
|move|p2a: Mandibuzz|Foul Play|p1a: Toxapex
|-damage|p1a: Toxapex|69/100 brn
|move|p1a: Toxapex|Scald|p2a: Mandibuzz
|-damage|p2a: Mandibuzz|85/100
|
|-heal|p2a: Mandibuzz|92/100|[from] item: Leftovers
|-damage|p1a: Toxapex|62/100 brn|[from] brn
|upkeep
|turn|45
|
|switch|p2a: Vaporeon|Vaporeon, F|90/100
|move|p1a: Toxapex|Toxic|p2a: Vaporeon
|-status|p2a: Vaporeon|tox
|
|-heal|p2a: Vaporeon|97/100 tox|[from] item: Leftovers
|-damage|p2a: Vaporeon|90/100 tox|[from] psn
|-damage|p1a: Toxapex|56/100 brn|[from] brn
|upkeep
|turn|46
|
|move|p2a: Vaporeon|Wish|p2a: Vaporeon
|move|p1a: Toxapex|Recover|p1a: Toxapex
|-heal|p1a: Toxapex|100/100 brn
|
|-heal|p2a: Vaporeon|97/100 tox|[from] item: Leftovers
|-damage|p2a: Vaporeon|84/100 tox|[from] psn
|-damage|p1a: Toxapex|94/100 brn|[from] brn
|upkeep
|turn|47
|
|switch|p2a: Excadrill|Excadrill, M|49/100
|-ability|p2a: Excadrill|Mold Breaker
|move|p1a: Toxapex|Scald|p2a: Excadrill
|-supereffective|p2a: Excadrill
|-damage|p2a: Excadrill|1/100
|
|-heal|p2a: Excadrill|65/100|[from] move: Wish|[wisher] Vaporeon
|-damage|p1a: Toxapex|88/100 brn|[from] brn
|upkeep
|turn|48
|
|move|p2a: Excadrill|Iron Head|p1a: Toxapex
|-resisted|p1a: Toxapex
|-damage|p1a: Toxapex|71/100 brn
|move|p1a: Toxapex|Scald|p2a: Excadrill
|-supereffective|p2a: Excadrill
|-damage|p2a: Excadrill|20/100
|-status|p2a: Excadrill|brn
|
|-damage|p2a: Excadrill|14/100 brn|[from] brn
|-damage|p1a: Toxapex|65/100 brn|[from] brn
|upkeep
|turn|49
|
|switch|p2a: Vaporeon|Vaporeon, F|84/100 tox
|switch|p1a: Vaporeon|Vaporeon, F|61/100
|
|-heal|p2a: Vaporeon|90/100 tox|[from] item: Leftovers
|-heal|p1a: Vaporeon|67/100|[from] item: Leftovers
|-damage|p2a: Vaporeon|84/100 tox|[from] psn
|upkeep
|turn|50
|
|move|p1a: Vaporeon|Wish|p1a: Vaporeon
|move|p2a: Vaporeon|Wish|p2a: Vaporeon
|
|-heal|p2a: Vaporeon|90/100 tox|[from] item: Leftovers
|-heal|p1a: Vaporeon|73/100|[from] item: Leftovers
|-damage|p2a: Vaporeon|78/100 tox|[from] psn
|upkeep
|turn|51
|
|switch|p1a: Corviknight|Corviknight, M|86/100
|-ability|p1a: Corviknight|Pressure
|switch|p2a: Hydreigon|Hydreigon, F|94/100
|
|-heal|p2a: Hydreigon|100/100|[from] move: Wish|[wisher] Vaporeon
|-heal|p1a: Corviknight|100/100|[from] move: Wish|[wisher] Vaporeon
|upkeep
|turn|52
|
|move|p2a: Hydreigon|Dark Pulse|p1a: Corviknight
|-damage|p1a: Corviknight|71/100
|move|p1a: Corviknight|Body Press|p2a: Hydreigon
|-supereffective|p2a: Hydreigon
|-damage|p2a: Hydreigon|59/100
|
|upkeep
|turn|53
|
|move|p2a: Hydreigon|Dark Pulse|p1a: Corviknight
|-crit|p1a: Corviknight
|-damage|p1a: Corviknight|30/100
|move|p1a: Corviknight|Body Press|p2a: Hydreigon
|-supereffective|p2a: Hydreigon
|-damage|p2a: Hydreigon|17/100
|
|upkeep
|turn|54
|
|switch|p2a: Vaporeon|Vaporeon, F|78/100 tox
|move|p1a: Corviknight|Roost|p1a: Corviknight
|-heal|p1a: Corviknight|80/100
|-singleturn|p1a: Corviknight|move: Roost
|
|-heal|p2a: Vaporeon|84/100 tox|[from] item: Leftovers
|-damage|p2a: Vaporeon|78/100 tox|[from] psn
|upkeep
|turn|55
|
|move|p1a: Corviknight|Taunt|p2a: Vaporeon
|-start|p2a: Vaporeon|move: Taunt
|cant|p2a: Vaporeon|move: Taunt|Wish
|
|-heal|p2a: Vaporeon|84/100 tox|[from] item: Leftovers
|-damage|p2a: Vaporeon|72/100 tox|[from] psn
|upkeep
|turn|56
|
|switch|p1a: Vaporeon|Vaporeon, F|73/100
|switch|p2a: Mandibuzz|Mandibuzz, F|92/100
|
|-heal|p2a: Mandibuzz|98/100|[from] item: Leftovers
|-heal|p1a: Vaporeon|79/100|[from] item: Leftovers
|upkeep
|turn|57
|
|switch|p1a: Toxapex|Toxapex, M|98/100 brn
|move|p2a: Mandibuzz|Knock Off|p1a: Toxapex
|-damage|p1a: Toxapex|84/100 brn
|
|-heal|p2a: Mandibuzz|100/100|[from] item: Leftovers
|-damage|p1a: Toxapex|78/100 brn|[from] brn
|upkeep
|turn|58
|
|move|p2a: Mandibuzz|Knock Off|p1a: Toxapex
|-damage|p1a: Toxapex|65/100 brn
|move|p1a: Toxapex|Toxic|p2a: Mandibuzz
|-status|p2a: Mandibuzz|tox
|
|-damage|p2a: Mandibuzz|94/100 tox|[from] psn
|-damage|p1a: Toxapex|58/100 brn|[from] brn
|upkeep
|turn|59
|
|switch|p2a: Vaporeon|Vaporeon, F|72/100 tox
|move|p1a: Toxapex|Recover|p1a: Toxapex
|-heal|p1a: Toxapex|100/100 brn
|
|-heal|p2a: Vaporeon|78/100 tox|[from] item: Leftovers
|-damage|p2a: Vaporeon|72/100 tox|[from] psn
|-damage|p1a: Toxapex|94/100 brn|[from] brn
|upkeep
|turn|60
|
|switch|p1a: Vaporeon|Vaporeon, F|79/100
|move|p2a: Vaporeon|Wish|p2a: Vaporeon
|
|-heal|p2a: Vaporeon|78/100 tox|[from] item: Leftovers
|-heal|p1a: Vaporeon|86/100|[from] item: Leftovers
|-damage|p2a: Vaporeon|65/100 tox|[from] psn
|upkeep
|turn|61
|
|switch|p2a: Mandibuzz|Mandibuzz, F|94/100 tox
|move|p1a: Vaporeon|Scald|p2a: Mandibuzz
|-damage|p2a: Mandibuzz|71/100 tox
|
|-heal|p2a: Mandibuzz|100/100 tox|[from] move: Wish|[wisher] Vaporeon
|-heal|p1a: Vaporeon|92/100|[from] item: Leftovers
|-damage|p2a: Mandibuzz|94/100 tox|[from] psn
|upkeep
|turn|62
|
|switch|p1a: Corviknight|Corviknight, M|80/100
|-ability|p1a: Corviknight|Pressure
|move|p2a: Mandibuzz|Knock Off|p1a: Corviknight
|-damage|p1a: Corviknight|67/100
|
|-heal|p2a: Mandibuzz|100/100 tox|[from] item: Leftovers
|-damage|p2a: Mandibuzz|88/100 tox|[from] psn
|upkeep
|turn|63
|
|move|p2a: Mandibuzz|Foul Play|p1a: Corviknight
|-damage|p1a: Corviknight|43/100
|move|p1a: Corviknight|Body Press|p2a: Mandibuzz
|-damage|p2a: Mandibuzz|77/100 tox
|
|-heal|p2a: Mandibuzz|83/100 tox|[from] item: Leftovers
|-damage|p2a: Mandibuzz|65/100 tox|[from] psn
|upkeep
|turn|64
|
|switch|p2a: Vaporeon|Vaporeon, F|65/100 tox
|move|p1a: Corviknight|Roost|p1a: Corviknight
|-heal|p1a: Corviknight|93/100
|-singleturn|p1a: Corviknight|move: Roost
|
|-heal|p2a: Vaporeon|72/100 tox|[from] item: Leftovers
|-damage|p2a: Vaporeon|65/100 tox|[from] psn
|upkeep
|turn|65
|
|move|p1a: Corviknight|Taunt|p2a: Vaporeon
|-start|p2a: Vaporeon|move: Taunt
|cant|p2a: Vaporeon|move: Taunt|Wish
|
|-heal|p2a: Vaporeon|72/100 tox|[from] item: Leftovers
|-damage|p2a: Vaporeon|59/100 tox|[from] psn
|upkeep
|turn|66
|
|switch|p1a: Vaporeon|Vaporeon, F|92/100
|switch|p2a: Mandibuzz|Mandibuzz, F|65/100 tox
|
|-heal|p2a: Mandibuzz|71/100 tox|[from] item: Leftovers
|-heal|p1a: Vaporeon|98/100|[from] item: Leftovers
|-damage|p2a: Mandibuzz|65/100 tox|[from] psn
|upkeep
|turn|67
|
|switch|p2a: Vaporeon|Vaporeon, F|59/100 tox
|switch|p1a: Corviknight|Corviknight, M|93/100
|-ability|p1a: Corviknight|Pressure
|
|-heal|p2a: Vaporeon|65/100 tox|[from] item: Leftovers
|-damage|p2a: Vaporeon|59/100 tox|[from] psn
|upkeep
|turn|68
|
|switch|p2a: Mandibuzz|Mandibuzz, F|65/100 tox
|move|p1a: Corviknight|Taunt|p2a: Mandibuzz
|-start|p2a: Mandibuzz|move: Taunt
|
|-heal|p2a: Mandibuzz|71/100 tox|[from] item: Leftovers
|-damage|p2a: Mandibuzz|65/100 tox|[from] psn
|upkeep
|turn|69
|
|switch|p2a: Vaporeon|Vaporeon, F|59/100 tox
|switch|p1a: Vaporeon|Vaporeon, F|98/100
|
|-heal|p2a: Vaporeon|65/100 tox|[from] item: Leftovers
|-heal|p1a: Vaporeon|100/100|[from] item: Leftovers
|-damage|p2a: Vaporeon|59/100 tox|[from] psn
|upkeep
|turn|70
|
|switch|p1a: Corviknight|Corviknight, M|93/100
|-ability|p1a: Corviknight|Pressure
|move|p2a: Vaporeon|Wish|p2a: Vaporeon
|
|-heal|p2a: Vaporeon|65/100 tox|[from] item: Leftovers
|-damage|p2a: Vaporeon|53/100 tox|[from] psn
|upkeep
|turn|71
|
|move|p2a: Vaporeon|Protect|p2a: Vaporeon
|-singleturn|p2a: Vaporeon|Protect
|move|p1a: Corviknight|Defog|p2a: Vaporeon
|-activate|p2a: Vaporeon|move: Protect
|
|-heal|p2a: Vaporeon|100/100 tox|[from] move: Wish|[wisher] Vaporeon
|-damage|p2a: Vaporeon|82/100 tox|[from] psn
|upkeep
|turn|72
|
|switch|p2a: Mandibuzz|Mandibuzz, F|65/100 tox
|move|p1a: Corviknight|Taunt|p2a: Mandibuzz
|-start|p2a: Mandibuzz|move: Taunt
|
|-heal|p2a: Mandibuzz|71/100 tox|[from] item: Leftovers
|-damage|p2a: Mandibuzz|65/100 tox|[from] psn
|upkeep
|turn|73
|
|switch|p2a: Vaporeon|Vaporeon, F|82/100 tox
|switch|p1a: Toxapex|Toxapex, M|100/100 brn
|
|-heal|p2a: Vaporeon|88/100 tox|[from] item: Leftovers
|-damage|p2a: Vaporeon|82/100 tox|[from] psn
|-damage|p1a: Toxapex|94/100 brn|[from] brn
|upkeep
|turn|74
|
|switch|p1a: Corviknight|Corviknight, M|93/100
|-ability|p1a: Corviknight|Pressure
|move|p2a: Vaporeon|Wish|p2a: Vaporeon
|
|-heal|p2a: Vaporeon|88/100 tox|[from] item: Leftovers
|-damage|p2a: Vaporeon|75/100 tox|[from] psn
|upkeep
|turn|75
|
|switch|p1a: Vaporeon|Vaporeon, F|100/100
|switch|p2a: Mandibuzz|Mandibuzz, F|65/100 tox
|
|-heal|p2a: Mandibuzz|100/100 tox|[from] move: Wish|[wisher] Vaporeon
|-damage|p2a: Mandibuzz|94/100 tox|[from] psn
|upkeep
|turn|76
|
|switch|p1a: Toxapex|Toxapex, M|100/100 brn
|move|p2a: Mandibuzz|Knock Off|p1a: Toxapex
|-damage|p1a: Toxapex|87/100 brn
|
|-heal|p2a: Mandibuzz|100/100 tox|[from] item: Leftovers
|-damage|p2a: Mandibuzz|88/100 tox|[from] psn
|-damage|p1a: Toxapex|81/100 brn|[from] brn
|upkeep
|turn|77
|
|switch|p2a: Vaporeon|Vaporeon, F|75/100 tox
|switch|p1a: Corviknight|Corviknight, M|93/100
|-ability|p1a: Corviknight|Pressure
|
|-heal|p2a: Vaporeon|82/100 tox|[from] item: Leftovers
|-damage|p2a: Vaporeon|75/100 tox|[from] psn
|upkeep
|turn|78
|
|move|p1a: Corviknight|Taunt|p2a: Vaporeon
|-start|p2a: Vaporeon|move: Taunt
|cant|p2a: Vaporeon|move: Taunt|Wish
|
|-heal|p2a: Vaporeon|82/100 tox|[from] item: Leftovers
|-damage|p2a: Vaporeon|69/100 tox|[from] psn
|upkeep
|turn|79
|
|switch|p1a: Toxapex|Toxapex, M|100/100 brn
|switch|p2a: Mandibuzz|Mandibuzz, F|88/100 tox
|
|-heal|p2a: Mandibuzz|94/100 tox|[from] item: Leftovers
|-damage|p2a: Mandibuzz|88/100 tox|[from] psn
|-damage|p1a: Toxapex|94/100 brn|[from] brn
|upkeep
|turn|80
|
|switch|p2a: Vaporeon|Vaporeon, F|69/100 tox
|move|p1a: Toxapex|Scald|p2a: Vaporeon
|-heal|p2a: Vaporeon|94/100 tox|[from] ability: Water Absorb|[of] p1a: Toxapex
|
|-heal|p2a: Vaporeon|100/100 tox|[from] item: Leftovers
|-damage|p2a: Vaporeon|94/100 tox|[from] psn
|-damage|p1a: Toxapex|88/100 brn|[from] brn
|upkeep
|turn|81
|
|switch|p1a: Corviknight|Corviknight, M|93/100
|-ability|p1a: Corviknight|Pressure
|move|p2a: Vaporeon|Wish|p2a: Vaporeon
|
|-heal|p2a: Vaporeon|100/100 tox|[from] item: Leftovers
|-damage|p2a: Vaporeon|88/100 tox|[from] psn
|upkeep
|turn|82
|
|move|p1a: Corviknight|Body Press|p2a: Vaporeon
|-damage|p2a: Vaporeon|73/100 tox
|move|p2a: Vaporeon|Scald|p1a: Corviknight
|-damage|p1a: Corviknight|71/100
|-status|p1a: Corviknight|brn
|
|-heal|p2a: Vaporeon|100/100 tox|[from] move: Wish|[wisher] Vaporeon
|-damage|p1a: Corviknight|64/100 brn|[from] brn
|-damage|p2a: Vaporeon|82/100 tox|[from] psn
|upkeep
|turn|83
|
|switch|p2a: Mandibuzz|Mandibuzz, F|88/100 tox
|move|p1a: Corviknight|Roost|p1a: Corviknight
|-heal|p1a: Corviknight|100/100 brn
|-singleturn|p1a: Corviknight|move: Roost
|
|-heal|p2a: Mandibuzz|94/100 tox|[from] item: Leftovers
|-damage|p2a: Mandibuzz|88/100 tox|[from] psn
|-damage|p1a: Corviknight|94/100 brn|[from] brn
|upkeep
|turn|84
|
|switch|p2a: Vaporeon|Vaporeon, F|82/100 tox
|switch|p1a: Vaporeon|Vaporeon, F|100/100
|
|-heal|p2a: Vaporeon|88/100 tox|[from] item: Leftovers
|-damage|p2a: Vaporeon|82/100 tox|[from] psn
|upkeep
|turn|85
|
|switch|p1a: Corviknight|Corviknight, M|94/100 brn
|-ability|p1a: Corviknight|Pressure
|move|p2a: Vaporeon|Wish|p2a: Vaporeon
|
|-heal|p2a: Vaporeon|88/100 tox|[from] item: Leftovers
|-damage|p1a: Corviknight|88/100 brn|[from] brn
|-damage|p2a: Vaporeon|75/100 tox|[from] psn
|upkeep
|turn|86
|inactive|Battle timer is ON: inactive players will automatically lose when time's up. (requested by goodudegood)
|
|switch|p1a: Toxapex|Toxapex, M|100/100 brn
|move|p2a: Vaporeon|Scald|p1a: Toxapex
|-resisted|p1a: Toxapex
|-damage|p1a: Toxapex|92/100 brn
|
|-heal|p2a: Vaporeon|100/100 tox|[from] move: Wish|[wisher] Vaporeon
|-damage|p2a: Vaporeon|82/100 tox|[from] psn
|-damage|p1a: Toxapex|86/100 brn|[from] brn
|upkeep
|turn|87
|
|switch|p2a: Mandibuzz|Mandibuzz, F|88/100 tox
|switch|p1a: Vaporeon|Vaporeon, F|100/100
|
|-heal|p2a: Mandibuzz|94/100 tox|[from] item: Leftovers
|-damage|p2a: Mandibuzz|88/100 tox|[from] psn
|upkeep
|turn|88
|
|switch|p1a: Corviknight|Corviknight, M|88/100 brn
|-ability|p1a: Corviknight|Pressure
|move|p2a: Mandibuzz|Knock Off|p1a: Corviknight
|-damage|p1a: Corviknight|76/100 brn
|
|-heal|p2a: Mandibuzz|94/100 tox|[from] item: Leftovers
|-damage|p2a: Mandibuzz|82/100 tox|[from] psn
|-damage|p1a: Corviknight|69/100 brn|[from] brn
|upkeep
|turn|89
|
|switch|p2a: Vaporeon|Vaporeon, F|82/100 tox
|move|p1a: Corviknight|Roost|p1a: Corviknight
|-heal|p1a: Corviknight|100/100 brn
|-singleturn|p1a: Corviknight|move: Roost
|
|-heal|p2a: Vaporeon|88/100 tox|[from] item: Leftovers
|-damage|p1a: Corviknight|94/100 brn|[from] brn
|-damage|p2a: Vaporeon|82/100 tox|[from] psn
|upkeep
|turn|90
|
|switch|p2a: Mandibuzz|Mandibuzz, F|82/100 tox
|move|p1a: Corviknight|Taunt|p2a: Mandibuzz
|-start|p2a: Mandibuzz|move: Taunt
|
|-heal|p2a: Mandibuzz|88/100 tox|[from] item: Leftovers
|-damage|p2a: Mandibuzz|82/100 tox|[from] psn
|-damage|p1a: Corviknight|88/100 brn|[from] brn
|upkeep
|turn|91
|
|switch|p2a: Vaporeon|Vaporeon, F|82/100 tox
|switch|p1a: Vaporeon|Vaporeon, F|100/100
|
|-heal|p2a: Vaporeon|88/100 tox|[from] item: Leftovers
|-damage|p2a: Vaporeon|82/100 tox|[from] psn
|upkeep
|turn|92
|
|switch|p1a: Corviknight|Corviknight, M|88/100 brn
|-ability|p1a: Corviknight|Pressure
|switch|p2a: Mandibuzz|Mandibuzz, F|82/100 tox
|
|-heal|p2a: Mandibuzz|88/100 tox|[from] item: Leftovers
|-damage|p2a: Mandibuzz|82/100 tox|[from] psn
|-damage|p1a: Corviknight|82/100 brn|[from] brn
|upkeep
|turn|93
|
|switch|p2a: Vaporeon|Vaporeon, F|82/100 tox
|switch|p1a: Toxapex|Toxapex, M|100/100 brn
|
|-heal|p2a: Vaporeon|88/100 tox|[from] item: Leftovers
|-damage|p2a: Vaporeon|82/100 tox|[from] psn
|-damage|p1a: Toxapex|94/100 brn|[from] brn
|upkeep
|turn|94
|
|switch|p2a: Mandibuzz|Mandibuzz, F|82/100 tox
|switch|p1a: Corviknight|Corviknight, M|82/100 brn
|-ability|p1a: Corviknight|Pressure
|
|-heal|p2a: Mandibuzz|88/100 tox|[from] item: Leftovers
|-damage|p2a: Mandibuzz|82/100 tox|[from] psn
|-damage|p1a: Corviknight|75/100 brn|[from] brn
|upkeep
|turn|95
|
|switch|p2a: Vaporeon|Vaporeon, F|82/100 tox
|switch|p1a: Toxapex|Toxapex, M|100/100 brn
|
|-heal|p2a: Vaporeon|88/100 tox|[from] item: Leftovers
|-damage|p2a: Vaporeon|82/100 tox|[from] psn
|-damage|p1a: Toxapex|94/100 brn|[from] brn
|upkeep
|turn|96
|
|switch|p2a: Mandibuzz|Mandibuzz, F|82/100 tox
|switch|p1a: Corviknight|Corviknight, M|75/100 brn
|-ability|p1a: Corviknight|Pressure
|
|-heal|p2a: Mandibuzz|88/100 tox|[from] item: Leftovers
|-damage|p2a: Mandibuzz|82/100 tox|[from] psn
|-damage|p1a: Corviknight|69/100 brn|[from] brn
|upkeep
|turn|97
|
|switch|p2a: Vaporeon|Vaporeon, F|82/100 tox
|move|p1a: Corviknight|Roost|p1a: Corviknight
|-heal|p1a: Corviknight|100/100 brn
|-singleturn|p1a: Corviknight|move: Roost
|
|-heal|p2a: Vaporeon|88/100 tox|[from] item: Leftovers
|-damage|p1a: Corviknight|94/100 brn|[from] brn
|-damage|p2a: Vaporeon|82/100 tox|[from] psn
|upkeep
|turn|98
|
|switch|p2a: Mandibuzz|Mandibuzz, F|82/100 tox
|move|p1a: Corviknight|Defog|p2a: Mandibuzz
|-unboost|p2a: Mandibuzz|evasion|1
|
|-heal|p2a: Mandibuzz|88/100 tox|[from] item: Leftovers
|-damage|p2a: Mandibuzz|82/100 tox|[from] psn
|-damage|p1a: Corviknight|88/100 brn|[from] brn
|upkeep
|turn|99
|
|switch|p2a: Vaporeon|Vaporeon, F|82/100 tox
|switch|p1a: Toxapex|Toxapex, M|100/100 brn
|
|-heal|p2a: Vaporeon|88/100 tox|[from] item: Leftovers
|-damage|p2a: Vaporeon|82/100 tox|[from] psn
|-damage|p1a: Toxapex|94/100 brn|[from] brn
|upkeep
|turn|100
|
|switch|p1a: Corviknight|Corviknight, M|88/100 brn
|-ability|p1a: Corviknight|Pressure
|move|p2a: Vaporeon|Scald|p1a: Corviknight
|-damage|p1a: Corviknight|69/100 brn
|
|-heal|p2a: Vaporeon|88/100 tox|[from] item: Leftovers
|-damage|p1a: Corviknight|63/100 brn|[from] brn
|-damage|p2a: Vaporeon|75/100 tox|[from] psn
|upkeep
|turn|101
|
|switch|p1a: Vaporeon|Vaporeon, F|100/100
|switch|p2a: Mandibuzz|Mandibuzz, F|82/100 tox
|
|-heal|p2a: Mandibuzz|88/100 tox|[from] item: Leftovers
|-damage|p2a: Mandibuzz|82/100 tox|[from] psn
|upkeep
|turn|102
|
|switch|p2a: Vaporeon|Vaporeon, F|75/100 tox
|switch|p1a: Toxapex|Toxapex, M|100/100 brn
|
|-heal|p2a: Vaporeon|82/100 tox|[from] item: Leftovers
|-damage|p2a: Vaporeon|75/100 tox|[from] psn
|-damage|p1a: Toxapex|94/100 brn|[from] brn
|upkeep
|turn|103
|
|switch|p2a: Mandibuzz|Mandibuzz, F|82/100 tox
|switch|p1a: Corviknight|Corviknight, M|63/100 brn
|-ability|p1a: Corviknight|Pressure
|
|-heal|p2a: Mandibuzz|88/100 tox|[from] item: Leftovers
|-damage|p2a: Mandibuzz|82/100 tox|[from] psn
|-damage|p1a: Corviknight|57/100 brn|[from] brn
|upkeep
|turn|104
|
|switch|p2a: Vaporeon|Vaporeon, F|75/100 tox
|move|p1a: Corviknight|Roost|p1a: Corviknight
|-heal|p1a: Corviknight|100/100 brn
|-singleturn|p1a: Corviknight|move: Roost
|
|-heal|p2a: Vaporeon|82/100 tox|[from] item: Leftovers
|-damage|p1a: Corviknight|94/100 brn|[from] brn
|-damage|p2a: Vaporeon|75/100 tox|[from] psn
|upkeep
|turn|105
|c|☆goodudegood|you know you eventually lose this right
|
|switch|p1a: Vaporeon|Vaporeon, F|100/100
|switch|p2a: Mandibuzz|Mandibuzz, F|82/100 tox
|
|-heal|p2a: Mandibuzz|88/100 tox|[from] item: Leftovers
|-damage|p2a: Mandibuzz|82/100 tox|[from] psn
|upkeep
|turn|106
|
|switch|p2a: Vaporeon|Vaporeon, F|75/100 tox
|move|p1a: Vaporeon|Scald|p2a: Vaporeon
|-heal|p2a: Vaporeon|100/100 tox|[from] ability: Water Absorb|[of] p1a: Vaporeon
|
|-damage|p2a: Vaporeon|94/100 tox|[from] psn
|upkeep
|turn|107
|
|switch|p2a: Mandibuzz|Mandibuzz, F|82/100 tox
|move|p1a: Vaporeon|Scald|p2a: Mandibuzz
|-damage|p2a: Mandibuzz|56/100 tox
|
|-heal|p2a: Mandibuzz|63/100 tox|[from] item: Leftovers
|-damage|p2a: Mandibuzz|56/100 tox|[from] psn
|upkeep
|turn|108
|
|switch|p2a: Vaporeon|Vaporeon, F|94/100 tox
|switch|p1a: Corviknight|Corviknight, M|94/100 brn
|-ability|p1a: Corviknight|Pressure
|
|-heal|p2a: Vaporeon|100/100 tox|[from] item: Leftovers
|-damage|p1a: Corviknight|88/100 brn|[from] brn
|-damage|p2a: Vaporeon|94/100 tox|[from] psn
|upkeep
|turn|109
|
|switch|p1a: Vaporeon|Vaporeon, F|100/100
|move|p2a: Vaporeon|Scald|p1a: Vaporeon
|-immune|p1a: Vaporeon|[from] ability: Water Absorb
|
|-heal|p2a: Vaporeon|100/100 tox|[from] item: Leftovers
|-damage|p2a: Vaporeon|88/100 tox|[from] psn
|upkeep
|turn|110
|
|switch|p1a: Toxapex|Toxapex, M|100/100 brn
|move|p2a: Vaporeon|Wish|p2a: Vaporeon
|
|-heal|p2a: Vaporeon|94/100 tox|[from] item: Leftovers
|-damage|p2a: Vaporeon|75/100 tox|[from] psn
|-damage|p1a: Toxapex|94/100 brn|[from] brn
|upkeep
|turn|111
|
|switch|p2a: Mandibuzz|Mandibuzz, F|56/100 tox
|switch|p1a: Corviknight|Corviknight, M|88/100 brn
|-ability|p1a: Corviknight|Pressure
|
|-heal|p2a: Mandibuzz|100/100 tox|[from] move: Wish|[wisher] Vaporeon
|-damage|p2a: Mandibuzz|94/100 tox|[from] psn
|-damage|p1a: Corviknight|82/100 brn|[from] brn
|upkeep
|turn|112
|
|switch|p2a: Vaporeon|Vaporeon, F|75/100 tox
|switch|p1a: Toxapex|Toxapex, M|100/100 brn
|
|-heal|p2a: Vaporeon|82/100 tox|[from] item: Leftovers
|-damage|p2a: Vaporeon|75/100 tox|[from] psn
|-damage|p1a: Toxapex|94/100 brn|[from] brn
|upkeep
|turn|113
|
|switch|p1a: Vaporeon|Vaporeon, F|100/100
|move|p2a: Vaporeon|Wish|p2a: Vaporeon
|
|-heal|p2a: Vaporeon|82/100 tox|[from] item: Leftovers
|-damage|p2a: Vaporeon|69/100 tox|[from] psn
|upkeep
|turn|114
|
|switch|p1a: Corviknight|Corviknight, M|82/100 brn
|-ability|p1a: Corviknight|Pressure
|switch|p2a: Mandibuzz|Mandibuzz, F|94/100 tox
|
|-heal|p2a: Mandibuzz|100/100 tox|[from] move: Wish|[wisher] Vaporeon
|-damage|p2a: Mandibuzz|94/100 tox|[from] psn
|-damage|p1a: Corviknight|75/100 brn|[from] brn
|upkeep
|turn|115
|
|switch|p2a: Vaporeon|Vaporeon, F|69/100 tox
|switch|p1a: Vaporeon|Vaporeon, F|100/100
|
|-heal|p2a: Vaporeon|75/100 tox|[from] item: Leftovers
|-damage|p2a: Vaporeon|69/100 tox|[from] psn
|upkeep
|turn|116
|
|switch|p1a: Corviknight|Corviknight, M|75/100 brn
|-ability|p1a: Corviknight|Pressure
|move|p2a: Vaporeon|Wish|p2a: Vaporeon
|
|-heal|p2a: Vaporeon|75/100 tox|[from] item: Leftovers
|-damage|p1a: Corviknight|69/100 brn|[from] brn
|-damage|p2a: Vaporeon|63/100 tox|[from] psn
|upkeep
|turn|117
|
|switch|p2a: Hydreigon|Hydreigon, F|17/100
|move|p1a: Corviknight|Roost|p1a: Corviknight
|-heal|p1a: Corviknight|100/100 brn
|-singleturn|p1a: Corviknight|move: Roost
|
|-heal|p2a: Hydreigon|89/100|[from] move: Wish|[wisher] Vaporeon
|-damage|p1a: Corviknight|94/100 brn|[from] brn
|upkeep
|turn|118
|
|move|p2a: Hydreigon|Fire Blast|p1a: Corviknight
|-supereffective|p1a: Corviknight
|-damage|p1a: Corviknight|39/100 brn
|move|p1a: Corviknight|Body Press|p2a: Hydreigon
|-supereffective|p2a: Hydreigon
|-damage|p2a: Hydreigon|67/100
|
|-damage|p1a: Corviknight|33/100 brn|[from] brn
|upkeep
|turn|119
|
|switch|p2a: Mandibuzz|Mandibuzz, F|94/100 tox
|switch|p1a: Toxapex|Toxapex, M|100/100 brn
|
|-heal|p2a: Mandibuzz|100/100 tox|[from] item: Leftovers
|-damage|p2a: Mandibuzz|94/100 tox|[from] psn
|-damage|p1a: Toxapex|94/100 brn|[from] brn
|upkeep
|turn|120
|
|switch|p2a: Vaporeon|Vaporeon, F|63/100 tox
|switch|p1a: Vaporeon|Vaporeon, F|100/100
|
|-heal|p2a: Vaporeon|69/100 tox|[from] item: Leftovers
|-damage|p2a: Vaporeon|63/100 tox|[from] psn
|upkeep
|turn|121
|
|switch|p2a: Mandibuzz|Mandibuzz, F|94/100 tox
|move|p1a: Vaporeon|Wish|p1a: Vaporeon
|
|-heal|p2a: Mandibuzz|100/100 tox|[from] item: Leftovers
|-damage|p2a: Mandibuzz|94/100 tox|[from] psn
|upkeep
|turn|122
|
|switch|p2a: Vaporeon|Vaporeon, F|63/100 tox
|switch|p1a: Corviknight|Corviknight, M|33/100 brn
|-ability|p1a: Corviknight|Pressure
|
|-heal|p1a: Corviknight|91/100 brn|[from] move: Wish|[wisher] Vaporeon
|-heal|p2a: Vaporeon|69/100 tox|[from] item: Leftovers
|-damage|p1a: Corviknight|85/100 brn|[from] brn
|-damage|p2a: Vaporeon|63/100 tox|[from] psn
|upkeep
|turn|123
|
|switch|p1a: Toxapex|Toxapex, M|100/100 brn
|switch|p2a: Mandibuzz|Mandibuzz, F|94/100 tox
|
|-heal|p2a: Mandibuzz|100/100 tox|[from] item: Leftovers
|-damage|p2a: Mandibuzz|94/100 tox|[from] psn
|-damage|p1a: Toxapex|94/100 brn|[from] brn
|upkeep
|turn|124
|
|switch|p2a: Vaporeon|Vaporeon, F|63/100 tox
|move|p1a: Toxapex|Toxic Spikes|p2a: Vaporeon
|-sidestart|p2: goodudegood|move: Toxic Spikes
|
|-heal|p2a: Vaporeon|69/100 tox|[from] item: Leftovers
|-damage|p2a: Vaporeon|63/100 tox|[from] psn
|-damage|p1a: Toxapex|88/100 brn|[from] brn
|upkeep
|turn|125
|
|switch|p2a: Mandibuzz|Mandibuzz, F|94/100 tox
|switch|p1a: Corviknight|Corviknight, M|85/100 brn
|-ability|p1a: Corviknight|Pressure
|
|-heal|p2a: Mandibuzz|100/100 tox|[from] item: Leftovers
|-damage|p2a: Mandibuzz|94/100 tox|[from] psn
|-damage|p1a: Corviknight|78/100 brn|[from] brn
|upkeep
|turn|126
|
|switch|p2a: Vaporeon|Vaporeon, F|63/100 tox
|move|p1a: Corviknight|Taunt|p2a: Vaporeon
|-start|p2a: Vaporeon|move: Taunt
|
|-heal|p2a: Vaporeon|69/100 tox|[from] item: Leftovers
|-damage|p1a: Corviknight|72/100 brn|[from] brn
|-damage|p2a: Vaporeon|63/100 tox|[from] psn
|upkeep
|turn|127
|
|switch|p2a: Mandibuzz|Mandibuzz, F|94/100 tox
|move|p1a: Corviknight|Roost|p1a: Corviknight
|-heal|p1a: Corviknight|100/100 brn
|-singleturn|p1a: Corviknight|move: Roost
|
|-heal|p2a: Mandibuzz|100/100 tox|[from] item: Leftovers
|-damage|p2a: Mandibuzz|94/100 tox|[from] psn
|-damage|p1a: Corviknight|94/100 brn|[from] brn
|upkeep
|turn|128
|
|switch|p2a: Vaporeon|Vaporeon, F|63/100 tox
|switch|p1a: Toxapex|Toxapex, M|100/100 brn
|
|-heal|p2a: Vaporeon|69/100 tox|[from] item: Leftovers
|-damage|p2a: Vaporeon|63/100 tox|[from] psn
|-damage|p1a: Toxapex|94/100 brn|[from] brn
|upkeep
|turn|129
|
|switch|p2a: Mandibuzz|Mandibuzz, F|94/100 tox
|switch|p1a: Corviknight|Corviknight, M|94/100 brn
|-ability|p1a: Corviknight|Pressure
|
|-heal|p2a: Mandibuzz|100/100 tox|[from] item: Leftovers
|-damage|p2a: Mandibuzz|94/100 tox|[from] psn
|-damage|p1a: Corviknight|88/100 brn|[from] brn
|upkeep
|turn|130
|
|switch|p2a: Vaporeon|Vaporeon, F|63/100 tox
|switch|p1a: Toxapex|Toxapex, M|100/100 brn
|
|-heal|p2a: Vaporeon|69/100 tox|[from] item: Leftovers
|-damage|p2a: Vaporeon|63/100 tox|[from] psn
|-damage|p1a: Toxapex|94/100 brn|[from] brn
|upkeep
|turn|131
|
|switch|p2a: Mandibuzz|Mandibuzz, F|94/100 tox
|switch|p1a: Corviknight|Corviknight, M|88/100 brn
|-ability|p1a: Corviknight|Pressure
|
|-heal|p2a: Mandibuzz|100/100 tox|[from] item: Leftovers
|-damage|p2a: Mandibuzz|94/100 tox|[from] psn
|-damage|p1a: Corviknight|82/100 brn|[from] brn
|upkeep
|turn|132
|
|switch|p2a: Vaporeon|Vaporeon, F|63/100 tox
|switch|p1a: Toxapex|Toxapex, M|100/100 brn
|
|-heal|p2a: Vaporeon|69/100 tox|[from] item: Leftovers
|-damage|p2a: Vaporeon|63/100 tox|[from] psn
|-damage|p1a: Toxapex|94/100 brn|[from] brn
|upkeep
|turn|133
|
|switch|p2a: Mandibuzz|Mandibuzz, F|94/100 tox
|move|p1a: Toxapex|Scald|p2a: Mandibuzz
|-damage|p2a: Mandibuzz|80/100 tox
|
|-heal|p2a: Mandibuzz|86/100 tox|[from] item: Leftovers
|-damage|p2a: Mandibuzz|80/100 tox|[from] psn
|-damage|p1a: Toxapex|88/100 brn|[from] brn
|upkeep
|turn|134
|
|switch|p2a: Vaporeon|Vaporeon, F|63/100 tox
|switch|p1a: Corviknight|Corviknight, M|82/100 brn
|-ability|p1a: Corviknight|Pressure
|
|-heal|p2a: Vaporeon|69/100 tox|[from] item: Leftovers
|-damage|p1a: Corviknight|75/100 brn|[from] brn
|-damage|p2a: Vaporeon|63/100 tox|[from] psn
|upkeep
|turn|135
|
|switch|p1a: Toxapex|Toxapex, M|100/100 brn
|switch|p2a: Mandibuzz|Mandibuzz, F|80/100 tox
|
|-heal|p2a: Mandibuzz|86/100 tox|[from] item: Leftovers
|-damage|p2a: Mandibuzz|80/100 tox|[from] psn
|-damage|p1a: Toxapex|94/100 brn|[from] brn
|upkeep
|turn|136
|
|switch|p2a: Vaporeon|Vaporeon, F|63/100 tox
|move|p1a: Toxapex|Toxic Spikes|p2a: Vaporeon
|-sidestart|p2: goodudegood|move: Toxic Spikes
|
|-heal|p2a: Vaporeon|69/100 tox|[from] item: Leftovers
|-damage|p2a: Vaporeon|63/100 tox|[from] psn
|-damage|p1a: Toxapex|88/100 brn|[from] brn
|upkeep
|turn|137
|
|switch|p1a: Corviknight|Corviknight, M|75/100 brn
|-ability|p1a: Corviknight|Pressure
|move|p2a: Vaporeon|Scald|p1a: Corviknight
|-damage|p1a: Corviknight|53/100 brn
|
|-heal|p2a: Vaporeon|69/100 tox|[from] item: Leftovers
|-damage|p1a: Corviknight|47/100 brn|[from] brn
|-damage|p2a: Vaporeon|57/100 tox|[from] psn
|upkeep
|turn|138
|
|switch|p2a: Mandibuzz|Mandibuzz, F|80/100 tox
|move|p1a: Corviknight|Roost|p1a: Corviknight
|-heal|p1a: Corviknight|97/100 brn
|-singleturn|p1a: Corviknight|move: Roost
|
|-heal|p2a: Mandibuzz|86/100 tox|[from] item: Leftovers
|-damage|p2a: Mandibuzz|80/100 tox|[from] psn
|-damage|p1a: Corviknight|91/100 brn|[from] brn
|upkeep
|turn|139
|
|switch|p2a: Vaporeon|Vaporeon, F|57/100 tox
|move|p1a: Corviknight|Defog|p2a: Vaporeon
|-unboost|p2a: Vaporeon|evasion|1
|-sideend|p2: goodudegood|Toxic Spikes|[from] move: Defog|[of] p1a: Corviknight
|
|-heal|p2a: Vaporeon|63/100 tox|[from] item: Leftovers
|-damage|p1a: Corviknight|85/100 brn|[from] brn
|-damage|p2a: Vaporeon|57/100 tox|[from] psn
|upkeep
|turn|140
|
|switch|p1a: Vaporeon|Vaporeon, F|100/100
|switch|p2a: Mandibuzz|Mandibuzz, F|80/100 tox
|
|-heal|p2a: Mandibuzz|86/100 tox|[from] item: Leftovers
|-damage|p2a: Mandibuzz|80/100 tox|[from] psn
|upkeep
|turn|141
|
|switch|p2a: Vaporeon|Vaporeon, F|57/100 tox
|switch|p1a: Toxapex|Toxapex, M|100/100 brn
|
|-heal|p2a: Vaporeon|63/100 tox|[from] item: Leftovers
|-damage|p2a: Vaporeon|57/100 tox|[from] psn
|-damage|p1a: Toxapex|94/100 brn|[from] brn
|upkeep
|turn|142
|
|switch|p1a: Corviknight|Corviknight, M|85/100 brn
|-ability|p1a: Corviknight|Pressure
|move|p2a: Vaporeon|Scald|p1a: Corviknight
|-damage|p1a: Corviknight|63/100 brn
|
|-heal|p2a: Vaporeon|63/100 tox|[from] item: Leftovers
|-damage|p1a: Corviknight|57/100 brn|[from] brn
|-damage|p2a: Vaporeon|50/100 tox|[from] psn
|upkeep
|turn|143
|
|switch|p2a: Mandibuzz|Mandibuzz, F|80/100 tox
|move|p1a: Corviknight|Taunt|p2a: Mandibuzz
|-start|p2a: Mandibuzz|move: Taunt
|
|-heal|p2a: Mandibuzz|86/100 tox|[from] item: Leftovers
|-damage|p2a: Mandibuzz|80/100 tox|[from] psn
|-damage|p1a: Corviknight|50/100 brn|[from] brn
|upkeep
|turn|144
|
|switch|p2a: Vaporeon|Vaporeon, F|50/100 tox
|move|p1a: Corviknight|Roost|p1a: Corviknight
|-heal|p1a: Corviknight|99/100 brn
|-singleturn|p1a: Corviknight|move: Roost
|
|-heal|p2a: Vaporeon|57/100 tox|[from] item: Leftovers
|-damage|p1a: Corviknight|94/100 brn|[from] brn
|-damage|p2a: Vaporeon|50/100 tox|[from] psn
|upkeep
|turn|145
|
|switch|p2a: Mandibuzz|Mandibuzz, F|80/100 tox
|move|p1a: Corviknight|Defog|p2a: Mandibuzz
|-unboost|p2a: Mandibuzz|evasion|1
|
|-heal|p2a: Mandibuzz|86/100 tox|[from] item: Leftovers
|-damage|p2a: Mandibuzz|80/100 tox|[from] psn
|-damage|p1a: Corviknight|88/100 brn|[from] brn
|upkeep
|turn|146
|
|switch|p2a: Vaporeon|Vaporeon, F|50/100 tox
|move|p1a: Corviknight|Body Press|p2a: Vaporeon
|-damage|p2a: Vaporeon|41/100 tox
|
|-heal|p2a: Vaporeon|48/100 tox|[from] item: Leftovers
|-damage|p1a: Corviknight|81/100 brn|[from] brn
|-damage|p2a: Vaporeon|41/100 tox|[from] psn
|upkeep
|turn|147
|
|move|p1a: Corviknight|Taunt|p2a: Vaporeon
|-start|p2a: Vaporeon|move: Taunt
|cant|p2a: Vaporeon|move: Taunt|Wish
|
|-heal|p2a: Vaporeon|48/100 tox|[from] item: Leftovers
|-damage|p1a: Corviknight|75/100 brn|[from] brn
|-damage|p2a: Vaporeon|35/100 tox|[from] psn
|upkeep
|turn|148
|
|switch|p1a: Toxapex|Toxapex, M|100/100 brn
|switch|p2a: Mandibuzz|Mandibuzz, F|80/100 tox
|
|-heal|p2a: Mandibuzz|86/100 tox|[from] item: Leftovers
|-damage|p2a: Mandibuzz|80/100 tox|[from] psn
|-damage|p1a: Toxapex|94/100 brn|[from] brn
|upkeep
|turn|149
|
|switch|p2a: Vaporeon|Vaporeon, F|35/100 tox
|switch|p1a: Corviknight|Corviknight, M|75/100 brn
|-ability|p1a: Corviknight|Pressure
|
|-heal|p2a: Vaporeon|41/100 tox|[from] item: Leftovers
|-damage|p1a: Corviknight|69/100 brn|[from] brn
|-damage|p2a: Vaporeon|35/100 tox|[from] psn
|upkeep
|turn|150
|
|switch|p2a: Mandibuzz|Mandibuzz, F|80/100 tox
|move|p1a: Corviknight|Taunt|p2a: Mandibuzz
|-start|p2a: Mandibuzz|move: Taunt
|
|-heal|p2a: Mandibuzz|86/100 tox|[from] item: Leftovers
|-damage|p2a: Mandibuzz|80/100 tox|[from] psn
|-damage|p1a: Corviknight|63/100 brn|[from] brn
|upkeep
|turn|151
|
|move|p2a: Mandibuzz|Knock Off|p1a: Corviknight
|-damage|p1a: Corviknight|48/100 brn
|move|p1a: Corviknight|Roost|p1a: Corviknight
|-heal|p1a: Corviknight|98/100 brn
|-singleturn|p1a: Corviknight|move: Roost
|
|-heal|p2a: Mandibuzz|86/100 tox|[from] item: Leftovers
|-damage|p2a: Mandibuzz|73/100 tox|[from] psn
|-damage|p1a: Corviknight|92/100 brn|[from] brn
|upkeep
|turn|152
|
|switch|p2a: Vaporeon|Vaporeon, F|35/100 tox
|switch|p1a: Toxapex|Toxapex, M|100/100 brn
|
|-heal|p2a: Vaporeon|41/100 tox|[from] item: Leftovers
|-damage|p2a: Vaporeon|35/100 tox|[from] psn
|-damage|p1a: Toxapex|94/100 brn|[from] brn
|upkeep
|turn|153
|
|switch|p1a: Corviknight|Corviknight, M|92/100 brn
|-ability|p1a: Corviknight|Pressure
|move|p2a: Vaporeon|Wish|p2a: Vaporeon
|
|-heal|p2a: Vaporeon|41/100 tox|[from] item: Leftovers
|-damage|p1a: Corviknight|86/100 brn|[from] brn
|-damage|p2a: Vaporeon|29/100 tox|[from] psn
|upkeep
|turn|154
|
|switch|p1a: Vaporeon|Vaporeon, F|100/100
|move|p2a: Vaporeon|Protect||[still]
|-fail|p2a: Vaporeon
|
|-heal|p2a: Vaporeon|79/100 tox|[from] move: Wish|[wisher] Vaporeon
|-heal|p2a: Vaporeon|85/100 tox|[from] item: Leftovers
|-damage|p2a: Vaporeon|66/100 tox|[from] psn
|upkeep
|turn|155
|
|switch|p2a: Mandibuzz|Mandibuzz, F|73/100 tox
|switch|p1a: Corviknight|Corviknight, M|86/100 brn
|-ability|p1a: Corviknight|Pressure
|
|-heal|p2a: Mandibuzz|80/100 tox|[from] item: Leftovers
|-damage|p2a: Mandibuzz|73/100 tox|[from] psn
|-damage|p1a: Corviknight|80/100 brn|[from] brn
|upkeep
|turn|156
|
|switch|p1a: Toxapex|Toxapex, M|100/100 brn
|move|p2a: Mandibuzz|Roost|p2a: Mandibuzz
|-heal|p2a: Mandibuzz|100/100 tox
|-singleturn|p2a: Mandibuzz|move: Roost
|
|-damage|p2a: Mandibuzz|88/100 tox|[from] psn
|-damage|p1a: Toxapex|94/100 brn|[from] brn
|upkeep
|turn|157
|
|switch|p2a: Vaporeon|Vaporeon, F|66/100 tox
|switch|p1a: Corviknight|Corviknight, M|80/100 brn
|-ability|p1a: Corviknight|Pressure
|
|-heal|p2a: Vaporeon|73/100 tox|[from] item: Leftovers
|-damage|p1a: Corviknight|73/100 brn|[from] brn
|-damage|p2a: Vaporeon|66/100 tox|[from] psn
|upkeep
|turn|158
|
|switch|p2a: Mandibuzz|Mandibuzz, F|88/100 tox
|move|p1a: Corviknight|Defog|p2a: Mandibuzz
|-unboost|p2a: Mandibuzz|evasion|1
|
|-heal|p2a: Mandibuzz|94/100 tox|[from] item: Leftovers
|-damage|p2a: Mandibuzz|88/100 tox|[from] psn
|-damage|p1a: Corviknight|67/100 brn|[from] brn
|upkeep
|turn|159
|
|switch|p2a: Vaporeon|Vaporeon, F|66/100 tox
|move|p1a: Corviknight|Taunt|p2a: Vaporeon
|-start|p2a: Vaporeon|move: Taunt
|
|-heal|p2a: Vaporeon|73/100 tox|[from] item: Leftovers
|-damage|p1a: Corviknight|61/100 brn|[from] brn
|-damage|p2a: Vaporeon|66/100 tox|[from] psn
|upkeep
|turn|160
|
|switch|p2a: Mandibuzz|Mandibuzz, F|88/100 tox
|move|p1a: Corviknight|Taunt|p2a: Mandibuzz
|-start|p2a: Mandibuzz|move: Taunt
|
|-heal|p2a: Mandibuzz|94/100 tox|[from] item: Leftovers
|-damage|p2a: Mandibuzz|88/100 tox|[from] psn
|-damage|p1a: Corviknight|55/100 brn|[from] brn
|upkeep
|turn|161
|
|switch|p2a: Vaporeon|Vaporeon, F|66/100 tox
|move|p1a: Corviknight|Roost|p1a: Corviknight
|-heal|p1a: Corviknight|100/100 brn
|-singleturn|p1a: Corviknight|move: Roost
|
|-heal|p2a: Vaporeon|73/100 tox|[from] item: Leftovers
|-damage|p1a: Corviknight|94/100 brn|[from] brn
|-damage|p2a: Vaporeon|66/100 tox|[from] psn
|upkeep
|turn|162
|
|switch|p2a: Mandibuzz|Mandibuzz, F|88/100 tox
|move|p1a: Corviknight|Defog|p2a: Mandibuzz
|-unboost|p2a: Mandibuzz|evasion|1
|
|-heal|p2a: Mandibuzz|94/100 tox|[from] item: Leftovers
|-damage|p2a: Mandibuzz|88/100 tox|[from] psn
|-damage|p1a: Corviknight|88/100 brn|[from] brn
|upkeep
|turn|163
|
|switch|p2a: Vaporeon|Vaporeon, F|66/100 tox
|switch|p1a: Toxapex|Toxapex, M|100/100 brn
|
|-heal|p2a: Vaporeon|73/100 tox|[from] item: Leftovers
|-damage|p2a: Vaporeon|66/100 tox|[from] psn
|-damage|p1a: Toxapex|94/100 brn|[from] brn
|upkeep
|turn|164
|
|switch|p2a: Mandibuzz|Mandibuzz, F|88/100 tox
|move|p1a: Toxapex|Scald|p2a: Mandibuzz
|-damage|p2a: Mandibuzz|74/100 tox
|
|-heal|p2a: Mandibuzz|80/100 tox|[from] item: Leftovers
|-damage|p2a: Mandibuzz|74/100 tox|[from] psn
|-damage|p1a: Toxapex|88/100 brn|[from] brn
|upkeep
|turn|165
|
|switch|p2a: Vaporeon|Vaporeon, F|66/100 tox
|move|p1a: Toxapex|Toxic Spikes|p2a: Vaporeon
|-sidestart|p2: goodudegood|move: Toxic Spikes
|
|-heal|p2a: Vaporeon|73/100 tox|[from] item: Leftovers
|-damage|p2a: Vaporeon|66/100 tox|[from] psn
|-damage|p1a: Toxapex|82/100 brn|[from] brn
|upkeep
|turn|166
|
|switch|p1a: Vaporeon|Vaporeon, F|100/100
|move|p2a: Vaporeon|Wish|p2a: Vaporeon
|
|-heal|p2a: Vaporeon|73/100 tox|[from] item: Leftovers
|-damage|p2a: Vaporeon|60/100 tox|[from] psn
|upkeep
|turn|167
|
|switch|p2a: Mandibuzz|Mandibuzz, F|74/100 tox
|move|p1a: Vaporeon|Wish|p1a: Vaporeon
|
|-heal|p2a: Mandibuzz|100/100 tox|[from] move: Wish|[wisher] Vaporeon
|-damage|p2a: Mandibuzz|94/100 tox|[from] psn
|upkeep
|turn|168
|
|switch|p2a: Vaporeon|Vaporeon, F|60/100 tox
|switch|p1a: Corviknight|Corviknight, M|88/100 brn
|-ability|p1a: Corviknight|Pressure
|
|-heal|p1a: Corviknight|100/100 brn|[from] move: Wish|[wisher] Vaporeon
|-heal|p2a: Vaporeon|66/100 tox|[from] item: Leftovers
|-damage|p1a: Corviknight|94/100 brn|[from] brn
|-damage|p2a: Vaporeon|60/100 tox|[from] psn
|upkeep
|turn|169
|
|switch|p1a: Toxapex|Toxapex, M|100/100 brn
|switch|p2a: Mandibuzz|Mandibuzz, F|94/100 tox
|
|-heal|p2a: Mandibuzz|100/100 tox|[from] item: Leftovers
|-damage|p2a: Mandibuzz|94/100 tox|[from] psn
|-damage|p1a: Toxapex|94/100 brn|[from] brn
|upkeep
|turn|170
|
|switch|p2a: Hydreigon|Hydreigon, F|67/100
|move|p1a: Toxapex|Toxic Spikes|p2a: Hydreigon
|-sidestart|p2: goodudegood|move: Toxic Spikes
|
|-damage|p1a: Toxapex|88/100 brn|[from] brn
|upkeep
|turn|171
|
|move|p2a: Hydreigon|Draco Meteor|p1a: Toxapex|[miss]
|-miss|p2a: Hydreigon|p1a: Toxapex
|move|p1a: Toxapex|Toxic|p2a: Hydreigon
|-status|p2a: Hydreigon|tox
|
|-damage|p2a: Hydreigon|61/100 tox|[from] psn
|-damage|p1a: Toxapex|82/100 brn|[from] brn
|upkeep
|turn|172
|
|switch|p2a: Vaporeon|Vaporeon, F|60/100 tox
|move|p1a: Toxapex|Recover|p1a: Toxapex
|-heal|p1a: Toxapex|100/100 brn
|
|-heal|p2a: Vaporeon|66/100 tox|[from] item: Leftovers
|-damage|p2a: Vaporeon|60/100 tox|[from] psn
|-damage|p1a: Toxapex|94/100 brn|[from] brn
|upkeep
|turn|173
|
|switch|p2a: Mandibuzz|Mandibuzz, F|94/100 tox
|switch|p1a: Vaporeon|Vaporeon, F|100/100
|
|-heal|p2a: Mandibuzz|100/100 tox|[from] item: Leftovers
|-damage|p2a: Mandibuzz|94/100 tox|[from] psn
|upkeep
|turn|174
|
|switch|p2a: Vaporeon|Vaporeon, F|60/100 tox
|switch|p1a: Corviknight|Corviknight, M|94/100 brn
|-ability|p1a: Corviknight|Pressure
|
|-heal|p2a: Vaporeon|66/100 tox|[from] item: Leftovers
|-damage|p1a: Corviknight|88/100 brn|[from] brn
|-damage|p2a: Vaporeon|60/100 tox|[from] psn
|upkeep
|turn|175
|
|switch|p1a: Vaporeon|Vaporeon, F|100/100
|switch|p2a: Mandibuzz|Mandibuzz, F|94/100 tox
|
|-heal|p2a: Mandibuzz|100/100 tox|[from] item: Leftovers
|-damage|p2a: Mandibuzz|94/100 tox|[from] psn
|upkeep
|turn|176
|
|switch|p2a: Vaporeon|Vaporeon, F|60/100 tox
|move|p1a: Vaporeon|Haze|p1a: Vaporeon
|-clearallboost
|
|-heal|p2a: Vaporeon|66/100 tox|[from] item: Leftovers
|-damage|p2a: Vaporeon|60/100 tox|[from] psn
|upkeep
|turn|177
|
|switch|p1a: Corviknight|Corviknight, M|88/100 brn
|-ability|p1a: Corviknight|Pressure
|move|p2a: Vaporeon|Wish|p2a: Vaporeon
|
|-heal|p2a: Vaporeon|66/100 tox|[from] item: Leftovers
|-damage|p1a: Corviknight|82/100 brn|[from] brn
|-damage|p2a: Vaporeon|54/100 tox|[from] psn
|upkeep
|turn|178
|
|switch|p1a: Vaporeon|Vaporeon, F|100/100
|switch|p2a: Hydreigon|Hydreigon, F|61/100 tox
|
|-heal|p2a: Hydreigon|100/100 tox|[from] move: Wish|[wisher] Vaporeon
|-damage|p2a: Hydreigon|94/100 tox|[from] psn
|upkeep
|turn|179
|
|switch|p2a: Mandibuzz|Mandibuzz, F|94/100 tox
|move|p1a: Vaporeon|Protect||[still]
|-fail|p1a: Vaporeon
|
|-heal|p2a: Mandibuzz|100/100 tox|[from] item: Leftovers
|-damage|p2a: Mandibuzz|94/100 tox|[from] psn
|upkeep
|turn|180
|
|switch|p2a: Vaporeon|Vaporeon, F|54/100 tox
|switch|p1a: Corviknight|Corviknight, M|82/100 brn
|-ability|p1a: Corviknight|Pressure
|
|-heal|p2a: Vaporeon|60/100 tox|[from] item: Leftovers
|-damage|p1a: Corviknight|75/100 brn|[from] brn
|-damage|p2a: Vaporeon|54/100 tox|[from] psn
|upkeep
|turn|181
|
|switch|p1a: Toxapex|Toxapex, M|100/100 brn
|switch|p2a: Mandibuzz|Mandibuzz, F|94/100 tox
|
|-heal|p2a: Mandibuzz|100/100 tox|[from] item: Leftovers
|-damage|p2a: Mandibuzz|94/100 tox|[from] psn
|-damage|p1a: Toxapex|94/100 brn|[from] brn
|upkeep
|turn|182
|inactive|insidemynose has 120 seconds left.
|
|switch|p2a: Vaporeon|Vaporeon, F|54/100 tox
|switch|p1a: Corviknight|Corviknight, M|75/100 brn
|-ability|p1a: Corviknight|Pressure
|
|-heal|p2a: Vaporeon|60/100 tox|[from] item: Leftovers
|-damage|p1a: Corviknight|69/100 brn|[from] brn
|-damage|p2a: Vaporeon|54/100 tox|[from] psn
|upkeep
|turn|183
|inactive|insidemynose has 120 seconds left.
|
|switch|p1a: Toxapex|Toxapex, M|100/100 brn
|switch|p2a: Mandibuzz|Mandibuzz, F|94/100 tox
|
|-heal|p2a: Mandibuzz|100/100 tox|[from] item: Leftovers
|-damage|p2a: Mandibuzz|94/100 tox|[from] psn
|-damage|p1a: Toxapex|94/100 brn|[from] brn
|upkeep
|turn|184
|
|switch|p2a: Vaporeon|Vaporeon, F|54/100 tox
|switch|p1a: Corviknight|Corviknight, M|69/100 brn
|-ability|p1a: Corviknight|Pressure
|
|-heal|p2a: Vaporeon|60/100 tox|[from] item: Leftovers
|-damage|p1a: Corviknight|63/100 brn|[from] brn
|-damage|p2a: Vaporeon|54/100 tox|[from] psn
|upkeep
|turn|185
|
|switch|p1a: Toxapex|Toxapex, M|100/100 brn
|switch|p2a: Mandibuzz|Mandibuzz, F|94/100 tox
|
|-heal|p2a: Mandibuzz|100/100 tox|[from] item: Leftovers
|-damage|p2a: Mandibuzz|94/100 tox|[from] psn
|-damage|p1a: Toxapex|94/100 brn|[from] brn
|upkeep
|turn|186
|
|switch|p2a: Vaporeon|Vaporeon, F|54/100 tox
|switch|p1a: Vaporeon|Vaporeon, F|100/100
|
|-heal|p2a: Vaporeon|60/100 tox|[from] item: Leftovers
|-damage|p2a: Vaporeon|54/100 tox|[from] psn
|upkeep
|turn|187
|
|switch|p2a: Mandibuzz|Mandibuzz, F|94/100 tox
|switch|p1a: Toxapex|Toxapex, M|100/100 brn
|
|-heal|p2a: Mandibuzz|100/100 tox|[from] item: Leftovers
|-damage|p2a: Mandibuzz|94/100 tox|[from] psn
|-damage|p1a: Toxapex|94/100 brn|[from] brn
|upkeep
|turn|188
|
|switch|p2a: Vaporeon|Vaporeon, F|54/100 tox
|switch|p1a: Vaporeon|Vaporeon, F|100/100
|
|-heal|p2a: Vaporeon|60/100 tox|[from] item: Leftovers
|-damage|p2a: Vaporeon|54/100 tox|[from] psn
|upkeep
|turn|189
|
|switch|p2a: Mandibuzz|Mandibuzz, F|94/100 tox
|switch|p1a: Toxapex|Toxapex, M|100/100 brn
|
|-heal|p2a: Mandibuzz|100/100 tox|[from] item: Leftovers
|-damage|p2a: Mandibuzz|94/100 tox|[from] psn
|-damage|p1a: Toxapex|94/100 brn|[from] brn
|upkeep
|turn|190
|
|switch|p1a: Vaporeon|Vaporeon, F|100/100
|move|p2a: Mandibuzz|Knock Off|p1a: Vaporeon
|-damage|p1a: Vaporeon|83/100
|-enditem|p1a: Vaporeon|Leftovers|[from] move: Knock Off|[of] p2a: Mandibuzz
|
|-heal|p2a: Mandibuzz|100/100 tox|[from] item: Leftovers
|-damage|p2a: Mandibuzz|88/100 tox|[from] psn
|upkeep
|turn|191
|
|switch|p2a: Vaporeon|Vaporeon, F|54/100 tox
|switch|p1a: Toxapex|Toxapex, M|100/100 brn
|
|-heal|p2a: Vaporeon|60/100 tox|[from] item: Leftovers
|-damage|p2a: Vaporeon|54/100 tox|[from] psn
|-damage|p1a: Toxapex|94/100 brn|[from] brn
|upkeep
|turn|192
|
|switch|p2a: Mandibuzz|Mandibuzz, F|88/100 tox
|switch|p1a: Corviknight|Corviknight, M|63/100 brn
|-ability|p1a: Corviknight|Pressure
|
|-heal|p2a: Mandibuzz|94/100 tox|[from] item: Leftovers
|-damage|p2a: Mandibuzz|88/100 tox|[from] psn
|-damage|p1a: Corviknight|57/100 brn|[from] brn
|upkeep
|turn|193
|
|switch|p2a: Vaporeon|Vaporeon, F|54/100 tox
|switch|p1a: Toxapex|Toxapex, M|100/100 brn
|
|-heal|p2a: Vaporeon|60/100 tox|[from] item: Leftovers
|-damage|p2a: Vaporeon|54/100 tox|[from] psn
|-damage|p1a: Toxapex|94/100 brn|[from] brn
|upkeep
|turn|194
|
|switch|p2a: Mandibuzz|Mandibuzz, F|88/100 tox
|switch|p1a: Vaporeon|Vaporeon, F|83/100
|
|-heal|p2a: Mandibuzz|94/100 tox|[from] item: Leftovers
|-damage|p2a: Mandibuzz|88/100 tox|[from] psn
|upkeep
|turn|195
|
|switch|p2a: Vaporeon|Vaporeon, F|54/100 tox
|switch|p1a: Toxapex|Toxapex, M|100/100 brn
|
|-heal|p2a: Vaporeon|60/100 tox|[from] item: Leftovers
|-damage|p2a: Vaporeon|54/100 tox|[from] psn
|-damage|p1a: Toxapex|94/100 brn|[from] brn
|upkeep
|turn|196
|
|switch|p2a: Mandibuzz|Mandibuzz, F|88/100 tox
|switch|p1a: Corviknight|Corviknight, M|57/100 brn
|-ability|p1a: Corviknight|Pressure
|
|-heal|p2a: Mandibuzz|94/100 tox|[from] item: Leftovers
|-damage|p2a: Mandibuzz|88/100 tox|[from] psn
|-damage|p1a: Corviknight|50/100 brn|[from] brn
|upkeep
|turn|197
|
|switch|p2a: Vaporeon|Vaporeon, F|54/100 tox
|switch|p1a: Vaporeon|Vaporeon, F|83/100
|
|-heal|p2a: Vaporeon|60/100 tox|[from] item: Leftovers
|-damage|p2a: Vaporeon|54/100 tox|[from] psn
|upkeep
|turn|198
|
|switch|p2a: Mandibuzz|Mandibuzz, F|88/100 tox
|move|p1a: Vaporeon|Wish|p1a: Vaporeon
|
|-heal|p2a: Mandibuzz|94/100 tox|[from] item: Leftovers
|-damage|p2a: Mandibuzz|88/100 tox|[from] psn
|upkeep
|turn|199
|
|switch|p2a: Vaporeon|Vaporeon, F|54/100 tox
|switch|p1a: Corviknight|Corviknight, M|50/100 brn
|-ability|p1a: Corviknight|Pressure
|
|-heal|p1a: Corviknight|100/100 brn|[from] move: Wish|[wisher] Vaporeon
|-heal|p2a: Vaporeon|60/100 tox|[from] item: Leftovers
|-damage|p1a: Corviknight|94/100 brn|[from] brn
|-damage|p2a: Vaporeon|54/100 tox|[from] psn
|upkeep
|turn|200
|
|switch|p2a: Mandibuzz|Mandibuzz, F|88/100 tox
|move|p1a: Corviknight|Defog|p2a: Mandibuzz
|-unboost|p2a: Mandibuzz|evasion|1
|-sideend|p2: goodudegood|Toxic Spikes|[from] move: Defog|[of] p1a: Corviknight
|
|-heal|p2a: Mandibuzz|94/100 tox|[from] item: Leftovers
|-damage|p2a: Mandibuzz|88/100 tox|[from] psn
|-damage|p1a: Corviknight|88/100 brn|[from] brn
|upkeep
|turn|201
|
|switch|p2a: Vaporeon|Vaporeon, F|54/100 tox
|switch|p1a: Toxapex|Toxapex, M|100/100 brn
|
|-heal|p2a: Vaporeon|60/100 tox|[from] item: Leftovers
|-damage|p2a: Vaporeon|54/100 tox|[from] psn
|-damage|p1a: Toxapex|94/100 brn|[from] brn
|upkeep
|turn|202
|
|switch|p2a: Mandibuzz|Mandibuzz, F|88/100 tox
|move|p1a: Toxapex|Scald|p2a: Mandibuzz
|-damage|p2a: Mandibuzz|74/100 tox
|
|-heal|p2a: Mandibuzz|80/100 tox|[from] item: Leftovers
|-damage|p2a: Mandibuzz|74/100 tox|[from] psn
|-damage|p1a: Toxapex|88/100 brn|[from] brn
|upkeep
|turn|203
|
|switch|p2a: Hydreigon|Hydreigon, F|94/100 tox
|switch|p1a: Corviknight|Corviknight, M|88/100 brn
|-ability|p1a: Corviknight|Pressure
|
|-damage|p2a: Hydreigon|88/100 tox|[from] psn
|-damage|p1a: Corviknight|82/100 brn|[from] brn
|upkeep
|turn|204
|
|switch|p1a: Toxapex|Toxapex, M|100/100 brn
|move|p2a: Hydreigon|Fire Blast|p1a: Toxapex
|-resisted|p1a: Toxapex
|-damage|p1a: Toxapex|88/100 brn
|
|-damage|p2a: Hydreigon|76/100 tox|[from] psn
|-damage|p1a: Toxapex|82/100 brn|[from] brn
|upkeep
|turn|205
|
|switch|p2a: Vaporeon|Vaporeon, F|54/100 tox
|move|p1a: Toxapex|Toxic Spikes|p2a: Vaporeon
|-sidestart|p2: goodudegood|move: Toxic Spikes
|
|-heal|p2a: Vaporeon|60/100 tox|[from] item: Leftovers
|-damage|p2a: Vaporeon|54/100 tox|[from] psn
|-damage|p1a: Toxapex|75/100 brn|[from] brn
|upkeep
|turn|206
|
|switch|p2a: Mandibuzz|Mandibuzz, F|74/100 tox
|switch|p1a: Vaporeon|Vaporeon, F|83/100
|
|-heal|p2a: Mandibuzz|80/100 tox|[from] item: Leftovers
|-damage|p2a: Mandibuzz|74/100 tox|[from] psn
|upkeep
|turn|207
|
|switch|p2a: Vaporeon|Vaporeon, F|54/100 tox
|switch|p1a: Toxapex|Toxapex, M|100/100 brn
|
|-heal|p2a: Vaporeon|60/100 tox|[from] item: Leftovers
|-damage|p2a: Vaporeon|54/100 tox|[from] psn
|-damage|p1a: Toxapex|94/100 brn|[from] brn
|upkeep
|turn|208
|inactive|insidemynose has 120 seconds left.
|
|switch|p2a: Mandibuzz|Mandibuzz, F|74/100 tox
|switch|p1a: Corviknight|Corviknight, M|82/100 brn
|-ability|p1a: Corviknight|Pressure
|
|-heal|p2a: Mandibuzz|80/100 tox|[from] item: Leftovers
|-damage|p2a: Mandibuzz|74/100 tox|[from] psn
|-damage|p1a: Corviknight|75/100 brn|[from] brn
|upkeep
|turn|209
|inactive|insidemynose has 120 seconds left.
|
|switch|p2a: Vaporeon|Vaporeon, F|54/100 tox
|switch|p1a: Toxapex|Toxapex, M|100/100 brn
|
|-heal|p2a: Vaporeon|60/100 tox|[from] item: Leftovers
|-damage|p2a: Vaporeon|54/100 tox|[from] psn
|-damage|p1a: Toxapex|94/100 brn|[from] brn
|upkeep
|turn|210
|
|switch|p1a: Corviknight|Corviknight, M|75/100 brn
|-ability|p1a: Corviknight|Pressure
|move|p2a: Vaporeon|Scald|p1a: Corviknight
|-damage|p1a: Corviknight|54/100 brn
|
|-heal|p2a: Vaporeon|60/100 tox|[from] item: Leftovers
|-damage|p1a: Corviknight|48/100 brn|[from] brn
|-damage|p2a: Vaporeon|48/100 tox|[from] psn
|upkeep
|turn|211
|
|switch|p2a: Mandibuzz|Mandibuzz, F|74/100 tox
|move|p1a: Corviknight|Roost|p1a: Corviknight
|-heal|p1a: Corviknight|98/100 brn
|-singleturn|p1a: Corviknight|move: Roost
|
|-heal|p2a: Mandibuzz|80/100 tox|[from] item: Leftovers
|-damage|p2a: Mandibuzz|74/100 tox|[from] psn
|-damage|p1a: Corviknight|92/100 brn|[from] brn
|upkeep
|turn|212
|inactive|insidemynose has 90 seconds left.
|
|switch|p2a: Vaporeon|Vaporeon, F|48/100 tox
|move|p1a: Corviknight|Body Press|p2a: Vaporeon
|-damage|p2a: Vaporeon|40/100 tox
|
|-heal|p2a: Vaporeon|46/100 tox|[from] item: Leftovers
|-damage|p1a: Corviknight|85/100 brn|[from] brn
|-damage|p2a: Vaporeon|40/100 tox|[from] psn
|upkeep
|turn|213
|inactive|insidemynose has 90 seconds left.
|
|switch|p1a: Toxapex|Toxapex, M|100/100 brn
|switch|p2a: Mandibuzz|Mandibuzz, F|74/100 tox
|
|-heal|p2a: Mandibuzz|80/100 tox|[from] item: Leftovers
|-damage|p2a: Mandibuzz|74/100 tox|[from] psn
|-damage|p1a: Toxapex|94/100 brn|[from] brn
|upkeep
|turn|214
|
|switch|p2a: Hydreigon|Hydreigon, F|76/100 tox
|move|p1a: Toxapex|Toxic Spikes|p2a: Hydreigon
|-sidestart|p2: goodudegood|move: Toxic Spikes
|
|-damage|p2a: Hydreigon|70/100 tox|[from] psn
|-damage|p1a: Toxapex|88/100 brn|[from] brn
|upkeep
|turn|215
|
|move|p2a: Hydreigon|Draco Meteor|p1a: Toxapex
|-damage|p1a: Toxapex|44/100 brn
|-unboost|p2a: Hydreigon|spa|2
|move|p1a: Toxapex|Recover|p1a: Toxapex
|-heal|p1a: Toxapex|94/100 brn
|
|-damage|p2a: Hydreigon|57/100 tox|[from] psn
|-damage|p1a: Toxapex|87/100 brn|[from] brn
|upkeep
|turn|216
|
|switch|p2a: Vaporeon|Vaporeon, F|40/100 tox
|move|p1a: Toxapex|Scald|p2a: Vaporeon
|-heal|p2a: Vaporeon|65/100 tox|[from] ability: Water Absorb|[of] p1a: Toxapex
|
|-heal|p2a: Vaporeon|71/100 tox|[from] item: Leftovers
|-damage|p2a: Vaporeon|65/100 tox|[from] psn
|-damage|p1a: Toxapex|81/100 brn|[from] brn
|upkeep
|turn|217
|
|switch|p2a: Mandibuzz|Mandibuzz, F|74/100 tox
|switch|p1a: Vaporeon|Vaporeon, F|83/100
|
|-heal|p2a: Mandibuzz|80/100 tox|[from] item: Leftovers
|-damage|p2a: Mandibuzz|74/100 tox|[from] psn
|upkeep
|turn|218
|inactive|goodudegood has 120 seconds left.
|
|switch|p2a: Vaporeon|Vaporeon, F|65/100 tox
|switch|p1a: Toxapex|Toxapex, M|100/100 brn
|
|-heal|p2a: Vaporeon|71/100 tox|[from] item: Leftovers
|-damage|p2a: Vaporeon|65/100 tox|[from] psn
|-damage|p1a: Toxapex|94/100 brn|[from] brn
|upkeep
|turn|219
|
|switch|p2a: Mandibuzz|Mandibuzz, F|74/100 tox
|switch|p1a: Vaporeon|Vaporeon, F|83/100
|
|-heal|p2a: Mandibuzz|80/100 tox|[from] item: Leftovers
|-damage|p2a: Mandibuzz|74/100 tox|[from] psn
|upkeep
|turn|220
|
|switch|p2a: Vaporeon|Vaporeon, F|65/100 tox
|switch|p1a: Toxapex|Toxapex, M|100/100 brn
|
|-heal|p2a: Vaporeon|71/100 tox|[from] item: Leftovers
|-damage|p2a: Vaporeon|65/100 tox|[from] psn
|-damage|p1a: Toxapex|94/100 brn|[from] brn
|upkeep
|turn|221
|
|switch|p2a: Mandibuzz|Mandibuzz, F|74/100 tox
|switch|p1a: Vaporeon|Vaporeon, F|83/100
|
|-heal|p2a: Mandibuzz|80/100 tox|[from] item: Leftovers
|-damage|p2a: Mandibuzz|74/100 tox|[from] psn
|upkeep
|turn|222
|
|switch|p2a: Vaporeon|Vaporeon, F|65/100 tox
|switch|p1a: Toxapex|Toxapex, M|100/100 brn
|
|-heal|p2a: Vaporeon|71/100 tox|[from] item: Leftovers
|-damage|p2a: Vaporeon|65/100 tox|[from] psn
|-damage|p1a: Toxapex|94/100 brn|[from] brn
|upkeep
|turn|223
|inactive|goodudegood has 120 seconds left.
|
|switch|p2a: Mandibuzz|Mandibuzz, F|74/100 tox
|move|p1a: Toxapex|Scald|p2a: Mandibuzz
|-damage|p2a: Mandibuzz|60/100 tox
|
|-heal|p2a: Mandibuzz|66/100 tox|[from] item: Leftovers
|-damage|p2a: Mandibuzz|60/100 tox|[from] psn
|-damage|p1a: Toxapex|88/100 brn|[from] brn
|upkeep
|turn|224
|
|switch|p2a: Vaporeon|Vaporeon, F|65/100 tox
|switch|p1a: Corviknight|Corviknight, M|85/100 brn
|-ability|p1a: Corviknight|Pressure
|
|-heal|p2a: Vaporeon|71/100 tox|[from] item: Leftovers
|-damage|p1a: Corviknight|79/100 brn|[from] brn
|-damage|p2a: Vaporeon|65/100 tox|[from] psn
|upkeep
|turn|225
|
|switch|p1a: Toxapex|Toxapex, M|100/100 brn
|switch|p2a: Mandibuzz|Mandibuzz, F|60/100 tox
|
|-heal|p2a: Mandibuzz|66/100 tox|[from] item: Leftovers
|-damage|p2a: Mandibuzz|60/100 tox|[from] psn
|-damage|p1a: Toxapex|94/100 brn|[from] brn
|upkeep
|turn|226
|
|switch|p2a: Vaporeon|Vaporeon, F|65/100 tox
|switch|p1a: Vaporeon|Vaporeon, F|83/100
|
|-heal|p2a: Vaporeon|71/100 tox|[from] item: Leftovers
|-damage|p2a: Vaporeon|65/100 tox|[from] psn
|upkeep
|turn|227
|inactive|goodudegood has 120 seconds left.
|
|switch|p2a: Mandibuzz|Mandibuzz, F|60/100 tox
|switch|p1a: Toxapex|Toxapex, M|100/100 brn
|
|-heal|p2a: Mandibuzz|66/100 tox|[from] item: Leftovers
|-damage|p2a: Mandibuzz|60/100 tox|[from] psn
|-damage|p1a: Toxapex|94/100 brn|[from] brn
|upkeep
|turn|228
|
|switch|p2a: Vaporeon|Vaporeon, F|65/100 tox
|switch|p1a: Vaporeon|Vaporeon, F|83/100
|
|-heal|p2a: Vaporeon|71/100 tox|[from] item: Leftovers
|-damage|p2a: Vaporeon|65/100 tox|[from] psn
|upkeep
|turn|229
|
|switch|p2a: Mandibuzz|Mandibuzz, F|60/100 tox
|move|p1a: Vaporeon|Scald|p2a: Mandibuzz
|-damage|p2a: Mandibuzz|37/100 tox
|
|-heal|p2a: Mandibuzz|43/100 tox|[from] item: Leftovers
|-damage|p2a: Mandibuzz|37/100 tox|[from] psn
|upkeep
|turn|230
|
|switch|p1a: Toxapex|Toxapex, M|100/100 brn
|move|p2a: Mandibuzz|Roost|p2a: Mandibuzz
|-heal|p2a: Mandibuzz|87/100 tox
|-singleturn|p2a: Mandibuzz|move: Roost
|
|-heal|p2a: Mandibuzz|93/100 tox|[from] item: Leftovers
|-damage|p2a: Mandibuzz|80/100 tox|[from] psn
|-damage|p1a: Toxapex|94/100 brn|[from] brn
|upkeep
|turn|231
|
|switch|p2a: Vaporeon|Vaporeon, F|65/100 tox
|switch|p1a: Vaporeon|Vaporeon, F|83/100
|
|-heal|p2a: Vaporeon|71/100 tox|[from] item: Leftovers
|-damage|p2a: Vaporeon|65/100 tox|[from] psn
|upkeep
|turn|232
|
|switch|p1a: Toxapex|Toxapex, M|100/100 brn
|move|p2a: Vaporeon|Haze|p2a: Vaporeon
|-clearallboost
|
|-heal|p2a: Vaporeon|71/100 tox|[from] item: Leftovers
|-damage|p2a: Vaporeon|59/100 tox|[from] psn
|-damage|p1a: Toxapex|94/100 brn|[from] brn
|upkeep
|turn|233
|
|switch|p2a: Mandibuzz|Mandibuzz, F|80/100 tox
|switch|p1a: Corviknight|Corviknight, M|79/100 brn
|-ability|p1a: Corviknight|Pressure
|
|-heal|p2a: Mandibuzz|87/100 tox|[from] item: Leftovers
|-damage|p2a: Mandibuzz|80/100 tox|[from] psn
|-damage|p1a: Corviknight|73/100 brn|[from] brn
|upkeep
|turn|234
|
|switch|p2a: Vaporeon|Vaporeon, F|59/100 tox
|switch|p1a: Vaporeon|Vaporeon, F|83/100
|
|-heal|p2a: Vaporeon|65/100 tox|[from] item: Leftovers
|-damage|p2a: Vaporeon|59/100 tox|[from] psn
|upkeep
|turn|235
|
|switch|p1a: Toxapex|Toxapex, M|100/100 brn
|switch|p2a: Mandibuzz|Mandibuzz, F|80/100 tox
|
|-heal|p2a: Mandibuzz|87/100 tox|[from] item: Leftovers
|-damage|p2a: Mandibuzz|80/100 tox|[from] psn
|-damage|p1a: Toxapex|94/100 brn|[from] brn
|upkeep
|turn|236
|
|switch|p2a: Vaporeon|Vaporeon, F|59/100 tox
|switch|p1a: Vaporeon|Vaporeon, F|83/100
|
|-heal|p2a: Vaporeon|65/100 tox|[from] item: Leftovers
|-damage|p2a: Vaporeon|59/100 tox|[from] psn
|upkeep
|turn|237
|
|switch|p2a: Mandibuzz|Mandibuzz, F|80/100 tox
|move|p1a: Vaporeon|Scald|p2a: Mandibuzz
|-damage|p2a: Mandibuzz|53/100 tox
|
|-heal|p2a: Mandibuzz|59/100 tox|[from] item: Leftovers
|-damage|p2a: Mandibuzz|53/100 tox|[from] psn
|upkeep
|turn|238
|
|switch|p2a: Vaporeon|Vaporeon, F|59/100 tox
|switch|p1a: Corviknight|Corviknight, M|73/100 brn
|-ability|p1a: Corviknight|Pressure
|
|-heal|p2a: Vaporeon|65/100 tox|[from] item: Leftovers
|-damage|p1a: Corviknight|67/100 brn|[from] brn
|-damage|p2a: Vaporeon|59/100 tox|[from] psn
|upkeep
|turn|239
|
|switch|p1a: Vaporeon|Vaporeon, F|83/100
|switch|p2a: Mandibuzz|Mandibuzz, F|53/100 tox
|
|-heal|p2a: Mandibuzz|59/100 tox|[from] item: Leftovers
|-damage|p2a: Mandibuzz|53/100 tox|[from] psn
|upkeep
|turn|240
|
|switch|p2a: Vaporeon|Vaporeon, F|59/100 tox
|move|p1a: Vaporeon|Haze|p1a: Vaporeon
|-clearallboost
|
|-heal|p2a: Vaporeon|65/100 tox|[from] item: Leftovers
|-damage|p2a: Vaporeon|59/100 tox|[from] psn
|upkeep
|turn|241
|
|switch|p1a: Corviknight|Corviknight, M|67/100 brn
|-ability|p1a: Corviknight|Pressure
|move|p2a: Vaporeon|Wish|p2a: Vaporeon
|
|-heal|p2a: Vaporeon|65/100 tox|[from] item: Leftovers
|-damage|p1a: Corviknight|60/100 brn|[from] brn
|-damage|p2a: Vaporeon|52/100 tox|[from] psn
|upkeep
|turn|242
|inactive|insidemynose has 60 seconds left.
|l|☆insidemynose
|inactive|insidemynose disconnected and has a minute to reconnect!
|player|p1|
|inactive|insidemynose has 30 seconds left.
|j|☆insidemynose
|inactive|insidemynose reconnected and has 25 seconds left.
|player|p1|insidemynose|10
|inactive|insidemynose has 20 seconds left.
|
|switch|p1a: Toxapex|Toxapex, M|100/100 brn
|switch|p2a: Hydreigon|Hydreigon, F|57/100 tox
|
|-heal|p2a: Hydreigon|100/100 tox|[from] move: Wish|[wisher] Vaporeon
|-damage|p2a: Hydreigon|94/100 tox|[from] psn
|-damage|p1a: Toxapex|94/100 brn|[from] brn
|upkeep
|turn|243
|inactive|insidemynose has 25 seconds left this turn.
|inactive|insidemynose has 20 seconds left.
|
|switch|p2a: Mandibuzz|Mandibuzz, F|53/100 tox
|move|p1a: Toxapex|Scald|p2a: Mandibuzz
|-damage|p2a: Mandibuzz|39/100 tox
|
|-heal|p2a: Mandibuzz|46/100 tox|[from] item: Leftovers
|-damage|p2a: Mandibuzz|39/100 tox|[from] psn
|-damage|p1a: Toxapex|88/100 brn|[from] brn
|upkeep
|turn|244
|inactive|insidemynose has 20 seconds left this turn.
|inactive|goodudegood has 120 seconds left.
|
|switch|p1a: Corviknight|Corviknight, M|60/100 brn
|-ability|p1a: Corviknight|Pressure
|move|p2a: Mandibuzz|Roost|p2a: Mandibuzz
|-heal|p2a: Mandibuzz|89/100 tox
|-singleturn|p2a: Mandibuzz|move: Roost
|
|-heal|p2a: Mandibuzz|96/100 tox|[from] item: Leftovers
|-damage|p2a: Mandibuzz|83/100 tox|[from] psn
|-damage|p1a: Corviknight|54/100 brn|[from] brn
|upkeep
|turn|245
|inactive|insidemynose has 25 seconds left this turn.
|inactive|insidemynose has 20 seconds left.
|inactive|insidemynose has 15 seconds left.
|inactive|insidemynose has 10 seconds left.
|
|switch|p2a: Vaporeon|Vaporeon, F|52/100 tox
|switch|p1a: Toxapex|Toxapex, M|100/100 brn
|
|-heal|p2a: Vaporeon|59/100 tox|[from] item: Leftovers
|-damage|p2a: Vaporeon|52/100 tox|[from] psn
|-damage|p1a: Toxapex|94/100 brn|[from] brn
|upkeep
|turn|246
|inactive|insidemynose has 10 seconds left this turn.
|inactive|goodudegood has 120 seconds left.
|
|switch|p2a: Mandibuzz|Mandibuzz, F|83/100 tox
|switch|p1a: Vaporeon|Vaporeon, F|83/100
|
|-heal|p2a: Mandibuzz|89/100 tox|[from] item: Leftovers
|-damage|p2a: Mandibuzz|83/100 tox|[from] psn
|upkeep
|turn|247
|inactive|insidemynose has 15 seconds left this turn.
|
|switch|p2a: Vaporeon|Vaporeon, F|52/100 tox
|switch|p1a: Corviknight|Corviknight, M|54/100 brn
|-ability|p1a: Corviknight|Pressure
|
|-heal|p2a: Vaporeon|59/100 tox|[from] item: Leftovers
|-damage|p1a: Corviknight|48/100 brn|[from] brn
|-damage|p2a: Vaporeon|52/100 tox|[from] psn
|upkeep
|turn|248
|inactive|insidemynose has 15 seconds left this turn.
|
|switch|p2a: Mandibuzz|Mandibuzz, F|83/100 tox
|move|p1a: Corviknight|Roost|p1a: Corviknight
|-heal|p1a: Corviknight|98/100 brn
|-singleturn|p1a: Corviknight|move: Roost
|
|-heal|p2a: Mandibuzz|89/100 tox|[from] item: Leftovers
|-damage|p2a: Mandibuzz|83/100 tox|[from] psn
|-damage|p1a: Corviknight|92/100 brn|[from] brn
|upkeep
|turn|249
|inactive|insidemynose has 20 seconds left this turn.
|
|switch|p2a: Vaporeon|Vaporeon, F|52/100 tox
|switch|p1a: Toxapex|Toxapex, M|100/100 brn
|
|-heal|p2a: Vaporeon|59/100 tox|[from] item: Leftovers
|-damage|p2a: Vaporeon|52/100 tox|[from] psn
|-damage|p1a: Toxapex|94/100 brn|[from] brn
|upkeep
|turn|250
|inactive|insidemynose has 20 seconds left this turn.
|
|switch|p2a: Mandibuzz|Mandibuzz, F|83/100 tox
|switch|p1a: Vaporeon|Vaporeon, F|83/100
|
|-heal|p2a: Mandibuzz|89/100 tox|[from] item: Leftovers
|-damage|p2a: Mandibuzz|83/100 tox|[from] psn
|upkeep
|turn|251
|inactive|insidemynose has 25 seconds left this turn.
|
|switch|p2a: Vaporeon|Vaporeon, F|52/100 tox
|switch|p1a: Toxapex|Toxapex, M|100/100 brn
|
|-heal|p2a: Vaporeon|59/100 tox|[from] item: Leftovers
|-damage|p2a: Vaporeon|52/100 tox|[from] psn
|-damage|p1a: Toxapex|94/100 brn|[from] brn
|upkeep
|turn|252
|inactive|insidemynose has 25 seconds left this turn.
|
|switch|p2a: Mandibuzz|Mandibuzz, F|83/100 tox
|switch|p1a: Vaporeon|Vaporeon, F|83/100
|
|-heal|p2a: Mandibuzz|89/100 tox|[from] item: Leftovers
|-damage|p2a: Mandibuzz|83/100 tox|[from] psn
|upkeep
|turn|253
|inactive|insidemynose has 30 seconds left this turn.
|
|switch|p2a: Vaporeon|Vaporeon, F|52/100 tox
|switch|p1a: Toxapex|Toxapex, M|100/100 brn
|
|-heal|p2a: Vaporeon|59/100 tox|[from] item: Leftovers
|-damage|p2a: Vaporeon|52/100 tox|[from] psn
|-damage|p1a: Toxapex|94/100 brn|[from] brn
|upkeep
|turn|254
|inactive|insidemynose has 30 seconds left this turn.
|
|switch|p2a: Mandibuzz|Mandibuzz, F|83/100 tox
|switch|p1a: Vaporeon|Vaporeon, F|83/100
|
|-heal|p2a: Mandibuzz|89/100 tox|[from] item: Leftovers
|-damage|p2a: Mandibuzz|83/100 tox|[from] psn
|upkeep
|turn|255
|
|switch|p2a: Vaporeon|Vaporeon, F|52/100 tox
|switch|p1a: Toxapex|Toxapex, M|100/100 brn
|
|-heal|p2a: Vaporeon|59/100 tox|[from] item: Leftovers
|-damage|p2a: Vaporeon|52/100 tox|[from] psn
|-damage|p1a: Toxapex|94/100 brn|[from] brn
|upkeep
|turn|256
|
|switch|p2a: Mandibuzz|Mandibuzz, F|83/100 tox
|switch|p1a: Vaporeon|Vaporeon, F|83/100
|
|-heal|p2a: Mandibuzz|89/100 tox|[from] item: Leftovers
|-damage|p2a: Mandibuzz|83/100 tox|[from] psn
|upkeep
|turn|257
|
|switch|p2a: Vaporeon|Vaporeon, F|52/100 tox
|switch|p1a: Toxapex|Toxapex, M|100/100 brn
|
|-heal|p2a: Vaporeon|59/100 tox|[from] item: Leftovers
|-damage|p2a: Vaporeon|52/100 tox|[from] psn
|-damage|p1a: Toxapex|94/100 brn|[from] brn
|upkeep
|turn|258
|
|switch|p2a: Mandibuzz|Mandibuzz, F|83/100 tox
|switch|p1a: Vaporeon|Vaporeon, F|83/100
|
|-heal|p2a: Mandibuzz|89/100 tox|[from] item: Leftovers
|-damage|p2a: Mandibuzz|83/100 tox|[from] psn
|upkeep
|turn|259
|
|switch|p2a: Vaporeon|Vaporeon, F|52/100 tox
|switch|p1a: Toxapex|Toxapex, M|100/100 brn
|
|-heal|p2a: Vaporeon|59/100 tox|[from] item: Leftovers
|-damage|p2a: Vaporeon|52/100 tox|[from] psn
|-damage|p1a: Toxapex|94/100 brn|[from] brn
|upkeep
|turn|260
|
|switch|p2a: Mandibuzz|Mandibuzz, F|83/100 tox
|switch|p1a: Vaporeon|Vaporeon, F|83/100
|
|-heal|p2a: Mandibuzz|89/100 tox|[from] item: Leftovers
|-damage|p2a: Mandibuzz|83/100 tox|[from] psn
|upkeep
|turn|261
|
|switch|p2a: Vaporeon|Vaporeon, F|52/100 tox
|switch|p1a: Toxapex|Toxapex, M|100/100 brn
|
|-heal|p2a: Vaporeon|59/100 tox|[from] item: Leftovers
|-damage|p2a: Vaporeon|52/100 tox|[from] psn
|-damage|p1a: Toxapex|94/100 brn|[from] brn
|upkeep
|turn|262
|
|switch|p2a: Mandibuzz|Mandibuzz, F|83/100 tox
|switch|p1a: Vaporeon|Vaporeon, F|83/100
|
|-heal|p2a: Mandibuzz|89/100 tox|[from] item: Leftovers
|-damage|p2a: Mandibuzz|83/100 tox|[from] psn
|upkeep
|turn|263
|
|switch|p2a: Vaporeon|Vaporeon, F|52/100 tox
|switch|p1a: Toxapex|Toxapex, M|100/100 brn
|
|-heal|p2a: Vaporeon|59/100 tox|[from] item: Leftovers
|-damage|p2a: Vaporeon|52/100 tox|[from] psn
|-damage|p1a: Toxapex|94/100 brn|[from] brn
|upkeep
|turn|264
|
|switch|p2a: Mandibuzz|Mandibuzz, F|83/100 tox
|switch|p1a: Vaporeon|Vaporeon, F|83/100
|
|-heal|p2a: Mandibuzz|89/100 tox|[from] item: Leftovers
|-damage|p2a: Mandibuzz|83/100 tox|[from] psn
|upkeep
|turn|265
|
|switch|p2a: Vaporeon|Vaporeon, F|52/100 tox
|switch|p1a: Toxapex|Toxapex, M|100/100 brn
|
|-heal|p2a: Vaporeon|59/100 tox|[from] item: Leftovers
|-damage|p2a: Vaporeon|52/100 tox|[from] psn
|-damage|p1a: Toxapex|94/100 brn|[from] brn
|upkeep
|turn|266
|
|switch|p2a: Mandibuzz|Mandibuzz, F|83/100 tox
|switch|p1a: Vaporeon|Vaporeon, F|83/100
|
|-heal|p2a: Mandibuzz|89/100 tox|[from] item: Leftovers
|-damage|p2a: Mandibuzz|83/100 tox|[from] psn
|upkeep
|turn|267
|inactive|insidemynose has 60 seconds left.
|
|switch|p2a: Vaporeon|Vaporeon, F|52/100 tox
|switch|p1a: Corviknight|Corviknight, M|92/100 brn
|-ability|p1a: Corviknight|Pressure
|
|-heal|p2a: Vaporeon|59/100 tox|[from] item: Leftovers
|-damage|p1a: Corviknight|85/100 brn|[from] brn
|-damage|p2a: Vaporeon|52/100 tox|[from] psn
|upkeep
|turn|268
|
|switch|p1a: Toxapex|Toxapex, M|100/100 brn
|switch|p2a: Mandibuzz|Mandibuzz, F|83/100 tox
|
|-heal|p2a: Mandibuzz|89/100 tox|[from] item: Leftovers
|-damage|p2a: Mandibuzz|83/100 tox|[from] psn
|-damage|p1a: Toxapex|94/100 brn|[from] brn
|upkeep
|turn|269
|
|switch|p2a: Vaporeon|Vaporeon, F|52/100 tox
|switch|p1a: Vaporeon|Vaporeon, F|83/100
|
|-heal|p2a: Vaporeon|59/100 tox|[from] item: Leftovers
|-damage|p2a: Vaporeon|52/100 tox|[from] psn
|upkeep
|turn|270
|
|move|p1a: Vaporeon|Scald|p2a: Vaporeon
|-heal|p2a: Vaporeon|77/100 tox|[from] ability: Water Absorb|[of] p1a: Vaporeon
|move|p2a: Vaporeon|Haze|p2a: Vaporeon
|-clearallboost
|
|-heal|p2a: Vaporeon|84/100 tox|[from] item: Leftovers
|-damage|p2a: Vaporeon|71/100 tox|[from] psn
|upkeep
|turn|271
|
|switch|p1a: Corviknight|Corviknight, M|85/100 brn
|-ability|p1a: Corviknight|Pressure
|switch|p2a: Mandibuzz|Mandibuzz, F|83/100 tox
|
|-heal|p2a: Mandibuzz|89/100 tox|[from] item: Leftovers
|-damage|p2a: Mandibuzz|83/100 tox|[from] psn
|-damage|p1a: Corviknight|79/100 brn|[from] brn
|upkeep
|turn|272
|
|switch|p2a: Vaporeon|Vaporeon, F|71/100 tox
|switch|p1a: Vaporeon|Vaporeon, F|83/100
|
|-heal|p2a: Vaporeon|77/100 tox|[from] item: Leftovers
|-damage|p2a: Vaporeon|71/100 tox|[from] psn
|upkeep
|turn|273
|
|switch|p1a: Toxapex|Toxapex, M|100/100 brn
|move|p2a: Vaporeon|Haze|p2a: Vaporeon
|-clearallboost
|
|-heal|p2a: Vaporeon|77/100 tox|[from] item: Leftovers
|-damage|p2a: Vaporeon|65/100 tox|[from] psn
|-damage|p1a: Toxapex|94/100 brn|[from] brn
|upkeep
|turn|274
|
|switch|p2a: Mandibuzz|Mandibuzz, F|83/100 tox
|switch|p1a: Vaporeon|Vaporeon, F|83/100
|
|-heal|p2a: Mandibuzz|89/100 tox|[from] item: Leftovers
|-damage|p2a: Mandibuzz|83/100 tox|[from] psn
|upkeep
|turn|275
|
|switch|p2a: Vaporeon|Vaporeon, F|65/100 tox
|switch|p1a: Toxapex|Toxapex, M|100/100 brn
|
|-heal|p2a: Vaporeon|71/100 tox|[from] item: Leftovers
|-damage|p2a: Vaporeon|65/100 tox|[from] psn
|-damage|p1a: Toxapex|94/100 brn|[from] brn
|upkeep
|turn|276
|
|switch|p2a: Mandibuzz|Mandibuzz, F|83/100 tox
|move|p1a: Toxapex|Scald|p2a: Mandibuzz
|-damage|p2a: Mandibuzz|70/100 tox
|
|-heal|p2a: Mandibuzz|76/100 tox|[from] item: Leftovers
|-damage|p2a: Mandibuzz|70/100 tox|[from] psn
|-damage|p1a: Toxapex|88/100 brn|[from] brn
|upkeep
|turn|277
|
|switch|p2a: Vaporeon|Vaporeon, F|65/100 tox
|move|p1a: Toxapex|Toxic Spikes||[still]
|-fail|p1a: Toxapex
|
|-heal|p2a: Vaporeon|71/100 tox|[from] item: Leftovers
|-damage|p2a: Vaporeon|65/100 tox|[from] psn
|-damage|p1a: Toxapex|82/100 brn|[from] brn
|upkeep
|turn|278
|
|switch|p2a: Mandibuzz|Mandibuzz, F|70/100 tox
|move|p1a: Toxapex|Toxic Spikes||[still]
|-fail|p1a: Toxapex
|
|-heal|p2a: Mandibuzz|76/100 tox|[from] item: Leftovers
|-damage|p2a: Mandibuzz|70/100 tox|[from] psn
|-damage|p1a: Toxapex|75/100 brn|[from] brn
|upkeep
|turn|279
|
|switch|p2a: Vaporeon|Vaporeon, F|65/100 tox
|switch|p1a: Vaporeon|Vaporeon, F|83/100
|
|-heal|p2a: Vaporeon|71/100 tox|[from] item: Leftovers
|-damage|p2a: Vaporeon|65/100 tox|[from] psn
|upkeep
|turn|280
|
|switch|p2a: Mandibuzz|Mandibuzz, F|70/100 tox
|move|p1a: Vaporeon|Wish|p1a: Vaporeon
|
|-heal|p2a: Mandibuzz|76/100 tox|[from] item: Leftovers
|-damage|p2a: Mandibuzz|70/100 tox|[from] psn
|upkeep
|turn|281
|
|switch|p2a: Vaporeon|Vaporeon, F|65/100 tox
|switch|p1a: Corviknight|Corviknight, M|79/100 brn
|-ability|p1a: Corviknight|Pressure
|
|-heal|p1a: Corviknight|100/100 brn|[from] move: Wish|[wisher] Vaporeon
|-heal|p2a: Vaporeon|71/100 tox|[from] item: Leftovers
|-damage|p1a: Corviknight|94/100 brn|[from] brn
|-damage|p2a: Vaporeon|65/100 tox|[from] psn
|upkeep
|turn|282
|inactive|insidemynose has 60 seconds left.
|
|switch|p1a: Vaporeon|Vaporeon, F|83/100
|switch|p2a: Mandibuzz|Mandibuzz, F|70/100 tox
|
|-heal|p2a: Mandibuzz|76/100 tox|[from] item: Leftovers
|-damage|p2a: Mandibuzz|70/100 tox|[from] psn
|upkeep
|turn|283
|inactive|insidemynose has 60 seconds left.
|
|switch|p2a: Vaporeon|Vaporeon, F|65/100 tox
|move|p1a: Vaporeon|Haze|p1a: Vaporeon
|-clearallboost
|
|-heal|p2a: Vaporeon|71/100 tox|[from] item: Leftovers
|-damage|p2a: Vaporeon|65/100 tox|[from] psn
|upkeep
|turn|284
|
|switch|p2a: Mandibuzz|Mandibuzz, F|70/100 tox
|move|p1a: Vaporeon|Wish|p1a: Vaporeon
|
|-heal|p2a: Mandibuzz|76/100 tox|[from] item: Leftovers
|-damage|p2a: Mandibuzz|70/100 tox|[from] psn
|upkeep
|turn|285
|
|switch|p2a: Vaporeon|Vaporeon, F|65/100 tox
|switch|p1a: Corviknight|Corviknight, M|94/100 brn
|-ability|p1a: Corviknight|Pressure
|
|-heal|p1a: Corviknight|100/100 brn|[from] move: Wish|[wisher] Vaporeon
|-heal|p2a: Vaporeon|71/100 tox|[from] item: Leftovers
|-damage|p1a: Corviknight|94/100 brn|[from] brn
|-damage|p2a: Vaporeon|65/100 tox|[from] psn
|upkeep
|turn|286
|
|switch|p1a: Vaporeon|Vaporeon, F|83/100
|switch|p2a: Mandibuzz|Mandibuzz, F|70/100 tox
|
|-heal|p2a: Mandibuzz|76/100 tox|[from] item: Leftovers
|-damage|p2a: Mandibuzz|70/100 tox|[from] psn
|upkeep
|turn|287
|
|switch|p2a: Vaporeon|Vaporeon, F|65/100 tox
|move|p1a: Vaporeon|Haze|p1a: Vaporeon
|-clearallboost
|
|-heal|p2a: Vaporeon|71/100 tox|[from] item: Leftovers
|-damage|p2a: Vaporeon|65/100 tox|[from] psn
|upkeep
|turn|288
|
|switch|p2a: Mandibuzz|Mandibuzz, F|70/100 tox
|move|p1a: Vaporeon|Scald|p2a: Mandibuzz
|-damage|p2a: Mandibuzz|43/100 tox
|
|-heal|p2a: Mandibuzz|49/100 tox|[from] item: Leftovers
|-damage|p2a: Mandibuzz|43/100 tox|[from] psn
|upkeep
|turn|289
|inactive|insidemynose has 60 seconds left.
|
|switch|p1a: Corviknight|Corviknight, M|94/100 brn
|-ability|p1a: Corviknight|Pressure
|move|p2a: Mandibuzz|Roost|p2a: Mandibuzz
|-heal|p2a: Mandibuzz|93/100 tox
|-singleturn|p2a: Mandibuzz|move: Roost
|
|-heal|p2a: Mandibuzz|99/100 tox|[from] item: Leftovers
|-damage|p2a: Mandibuzz|87/100 tox|[from] psn
|-damage|p1a: Corviknight|88/100 brn|[from] brn
|upkeep
|turn|290
|
|switch|p2a: Vaporeon|Vaporeon, F|65/100 tox
|move|p1a: Corviknight|Defog|p2a: Vaporeon
|-unboost|p2a: Vaporeon|evasion|1
|-sideend|p2: goodudegood|Toxic Spikes|[from] move: Defog|[of] p1a: Corviknight
|
|-heal|p2a: Vaporeon|71/100 tox|[from] item: Leftovers
|-damage|p1a: Corviknight|82/100 brn|[from] brn
|-damage|p2a: Vaporeon|65/100 tox|[from] psn
|upkeep
|turn|291
|
|switch|p1a: Vaporeon|Vaporeon, F|83/100
|switch|p2a: Mandibuzz|Mandibuzz, F|87/100 tox
|
|-heal|p2a: Mandibuzz|93/100 tox|[from] item: Leftovers
|-damage|p2a: Mandibuzz|87/100 tox|[from] psn
|upkeep
|turn|292
|
|switch|p2a: Vaporeon|Vaporeon, F|65/100 tox
|switch|p1a: Corviknight|Corviknight, M|82/100 brn
|-ability|p1a: Corviknight|Pressure
|
|-heal|p2a: Vaporeon|71/100 tox|[from] item: Leftovers
|-damage|p1a: Corviknight|75/100 brn|[from] brn
|-damage|p2a: Vaporeon|65/100 tox|[from] psn
|upkeep
|turn|293
|
|switch|p1a: Toxapex|Toxapex, M|100/100 brn
|switch|p2a: Mandibuzz|Mandibuzz, F|87/100 tox
|
|-heal|p2a: Mandibuzz|93/100 tox|[from] item: Leftovers
|-damage|p2a: Mandibuzz|87/100 tox|[from] psn
|-damage|p1a: Toxapex|94/100 brn|[from] brn
|upkeep
|turn|294
|inactive|insidemynose has 30 seconds left.
|
|switch|p2a: Vaporeon|Vaporeon, F|65/100 tox
|switch|p1a: Vaporeon|Vaporeon, F|83/100
|
|-heal|p2a: Vaporeon|71/100 tox|[from] item: Leftovers
|-damage|p2a: Vaporeon|65/100 tox|[from] psn
|upkeep
|turn|295
|inactive|insidemynose has 30 seconds left.
|
|switch|p2a: Mandibuzz|Mandibuzz, F|87/100 tox
|move|p1a: Vaporeon|Scald|p2a: Mandibuzz
|-damage|p2a: Mandibuzz|63/100 tox
|
|-heal|p2a: Mandibuzz|69/100 tox|[from] item: Leftovers
|-damage|p2a: Mandibuzz|63/100 tox|[from] psn
|upkeep
|turn|296
|inactive|insidemynose has 25 seconds left this turn.
|inactive|insidemynose has 20 seconds left.
|
|switch|p2a: Vaporeon|Vaporeon, F|65/100 tox
|switch|p1a: Toxapex|Toxapex, M|100/100 brn
|
|-heal|p2a: Vaporeon|71/100 tox|[from] item: Leftovers
|-damage|p2a: Vaporeon|65/100 tox|[from] psn
|-damage|p1a: Toxapex|94/100 brn|[from] brn
|upkeep
|turn|297
|inactive|insidemynose has 25 seconds left this turn.
|
|switch|p2a: Mandibuzz|Mandibuzz, F|63/100 tox
|switch|p1a: Vaporeon|Vaporeon, F|83/100
|
|-heal|p2a: Mandibuzz|69/100 tox|[from] item: Leftovers
|-damage|p2a: Mandibuzz|63/100 tox|[from] psn
|upkeep
|turn|298
|inactive|insidemynose has 25 seconds left this turn.
|
|switch|p2a: Vaporeon|Vaporeon, F|65/100 tox
|switch|p1a: Corviknight|Corviknight, M|75/100 brn
|-ability|p1a: Corviknight|Pressure
|
|-heal|p2a: Vaporeon|71/100 tox|[from] item: Leftovers
|-damage|p1a: Corviknight|69/100 brn|[from] brn
|-damage|p2a: Vaporeon|65/100 tox|[from] psn
|upkeep
|turn|299
|inactive|insidemynose has 30 seconds left this turn.
|
|switch|p1a: Toxapex|Toxapex, M|100/100 brn
|switch|p2a: Mandibuzz|Mandibuzz, F|63/100 tox
|
|-heal|p2a: Mandibuzz|69/100 tox|[from] item: Leftovers
|-damage|p2a: Mandibuzz|63/100 tox|[from] psn
|-damage|p1a: Toxapex|94/100 brn|[from] brn
|upkeep
|turn|300
|inactive|insidemynose has 30 seconds left this turn.
|
|switch|p2a: Vaporeon|Vaporeon, F|65/100 tox
|move|p1a: Toxapex|Toxic Spikes|p2a: Vaporeon
|-sidestart|p2: goodudegood|move: Toxic Spikes
|
|-heal|p2a: Vaporeon|71/100 tox|[from] item: Leftovers
|-damage|p2a: Vaporeon|65/100 tox|[from] psn
|-damage|p1a: Toxapex|88/100 brn|[from] brn
|upkeep
|turn|301
|inactive|insidemynose has 30 seconds left.
|
|switch|p2a: Mandibuzz|Mandibuzz, F|63/100 tox
|move|p1a: Toxapex|Toxic Spikes|p2a: Mandibuzz
|-sidestart|p2: goodudegood|move: Toxic Spikes
|
|-heal|p2a: Mandibuzz|69/100 tox|[from] item: Leftovers
|-damage|p2a: Mandibuzz|63/100 tox|[from] psn
|-damage|p1a: Toxapex|82/100 brn|[from] brn
|upkeep
|turn|302
|inactive|insidemynose has 25 seconds left this turn.
|
|switch|p2a: Vaporeon|Vaporeon, F|65/100 tox
|switch|p1a: Vaporeon|Vaporeon, F|83/100
|
|-heal|p2a: Vaporeon|71/100 tox|[from] item: Leftovers
|-damage|p2a: Vaporeon|65/100 tox|[from] psn
|upkeep
|turn|303
|inactive|insidemynose has 30 seconds left this turn.
|
|switch|p2a: Mandibuzz|Mandibuzz, F|63/100 tox
|switch|p1a: Corviknight|Corviknight, M|69/100 brn
|-ability|p1a: Corviknight|Pressure
|
|-heal|p2a: Mandibuzz|69/100 tox|[from] item: Leftovers
|-damage|p2a: Mandibuzz|63/100 tox|[from] psn
|-damage|p1a: Corviknight|63/100 brn|[from] brn
|upkeep
|turn|304
|inactive|insidemynose has 30 seconds left this turn.
|
|switch|p2a: Vaporeon|Vaporeon, F|65/100 tox
|move|p1a: Corviknight|Defog|p2a: Vaporeon
|-unboost|p2a: Vaporeon|evasion|1
|-sideend|p2: goodudegood|Toxic Spikes|[from] move: Defog|[of] p1a: Corviknight
|
|-heal|p2a: Vaporeon|71/100 tox|[from] item: Leftovers
|-damage|p1a: Corviknight|57/100 brn|[from] brn
|-damage|p2a: Vaporeon|65/100 tox|[from] psn
|upkeep
|turn|305
|inactive|insidemynose has 30 seconds left this turn.
|
|switch|p2a: Mandibuzz|Mandibuzz, F|63/100 tox
|move|p1a: Corviknight|Body Press|p2a: Mandibuzz
|-damage|p2a: Mandibuzz|58/100 tox
|
|-heal|p2a: Mandibuzz|64/100 tox|[from] item: Leftovers
|-damage|p2a: Mandibuzz|58/100 tox|[from] psn
|-damage|p1a: Corviknight|50/100 brn|[from] brn
|upkeep
|turn|306
|inactive|insidemynose has 25 seconds left this turn.
|inactive|insidemynose has 20 seconds left.
|inactive|insidemynose has 15 seconds left.
|
|switch|p2a: Vaporeon|Vaporeon, F|65/100 tox
|switch|p1a: Vaporeon|Vaporeon, F|83/100
|
|-heal|p2a: Vaporeon|71/100 tox|[from] item: Leftovers
|-damage|p2a: Vaporeon|65/100 tox|[from] psn
|upkeep
|turn|307
|inactive|insidemynose has 20 seconds left this turn.
|inactive|insidemynose has 15 seconds left.
|
|move|p1a: Vaporeon|Wish|p1a: Vaporeon
|move|p2a: Vaporeon|Haze|p2a: Vaporeon
|-clearallboost
|
|-heal|p2a: Vaporeon|71/100 tox|[from] item: Leftovers
|-damage|p2a: Vaporeon|59/100 tox|[from] psn
|upkeep
|turn|308
|inactive|insidemynose has 15 seconds left this turn.
|
|switch|p2a: Mandibuzz|Mandibuzz, F|58/100 tox
|move|p1a: Vaporeon|Scald|p2a: Mandibuzz
|-damage|p2a: Mandibuzz|33/100 tox
|
|-heal|p1a: Vaporeon|100/100|[from] move: Wish|[wisher] Vaporeon
|-heal|p2a: Mandibuzz|39/100 tox|[from] item: Leftovers
|-damage|p2a: Mandibuzz|33/100 tox|[from] psn
|upkeep
|turn|309
|inactive|insidemynose has 20 seconds left this turn.
|inactive|insidemynose has 15 seconds left.
|
|switch|p1a: Corviknight|Corviknight, M|50/100 brn
|-ability|p1a: Corviknight|Pressure
|move|p2a: Mandibuzz|Roost|p2a: Mandibuzz
|-heal|p2a: Mandibuzz|83/100 tox
|-singleturn|p2a: Mandibuzz|move: Roost
|
|-heal|p2a: Mandibuzz|89/100 tox|[from] item: Leftovers
|-damage|p2a: Mandibuzz|77/100 tox|[from] psn
|-damage|p1a: Corviknight|44/100 brn|[from] brn
|upkeep
|turn|310
|inactive|insidemynose has 15 seconds left this turn.
|inactive|insidemynose has 10 seconds left.
|
|switch|p2a: Hydreigon|Hydreigon, F|94/100 tox
|move|p1a: Corviknight|Roost|p1a: Corviknight
|-heal|p1a: Corviknight|94/100 brn
|-singleturn|p1a: Corviknight|move: Roost
|
|-damage|p2a: Hydreigon|88/100 tox|[from] psn
|-damage|p1a: Corviknight|88/100 brn|[from] brn
|upkeep
|turn|311
|inactive|insidemynose has 15 seconds left this turn.
|
|switch|p1a: Toxapex|Toxapex, M|100/100 brn
|move|p2a: Hydreigon|Fire Blast|p1a: Toxapex|[miss]
|-miss|p2a: Hydreigon|p1a: Toxapex
|
|-damage|p2a: Hydreigon|76/100 tox|[from] psn
|-damage|p1a: Toxapex|94/100 brn|[from] brn
|upkeep
|turn|312
|inactive|insidemynose has 15 seconds left this turn.
|inactive|insidemynose has 10 seconds left.
|
|switch|p2a: Vaporeon|Vaporeon, F|59/100 tox
|move|p1a: Toxapex|Scald|p2a: Vaporeon
|-heal|p2a: Vaporeon|84/100 tox|[from] ability: Water Absorb|[of] p1a: Toxapex
|
|-heal|p2a: Vaporeon|90/100 tox|[from] item: Leftovers
|-damage|p2a: Vaporeon|84/100 tox|[from] psn
|-damage|p1a: Toxapex|88/100 brn|[from] brn
|upkeep
|turn|313
|inactive|insidemynose has 15 seconds left this turn.
|inactive|insidemynose has 10 seconds left.
|
|switch|p2a: Mandibuzz|Mandibuzz, F|77/100 tox
|switch|p1a: Vaporeon|Vaporeon, F|100/100
|
|-heal|p2a: Mandibuzz|83/100 tox|[from] item: Leftovers
|-damage|p2a: Mandibuzz|77/100 tox|[from] psn
|upkeep
|turn|314
|inactive|insidemynose has 10 seconds left this turn.
|
|switch|p2a: Vaporeon|Vaporeon, F|84/100 tox
|switch|p1a: Toxapex|Toxapex, M|100/100 brn
|
|-heal|p2a: Vaporeon|90/100 tox|[from] item: Leftovers
|-damage|p2a: Vaporeon|84/100 tox|[from] psn
|-damage|p1a: Toxapex|94/100 brn|[from] brn
|upkeep
|turn|315
|inactive|insidemynose has 15 seconds left this turn.
|
|switch|p2a: Mandibuzz|Mandibuzz, F|77/100 tox
|move|p1a: Toxapex|Scald|p2a: Mandibuzz
|-damage|p2a: Mandibuzz|63/100 tox
|
|-heal|p2a: Mandibuzz|69/100 tox|[from] item: Leftovers
|-damage|p2a: Mandibuzz|63/100 tox|[from] psn
|-damage|p1a: Toxapex|88/100 brn|[from] brn
|upkeep
|turn|316
|inactive|insidemynose has 15 seconds left this turn.
|
|switch|p2a: Vaporeon|Vaporeon, F|84/100 tox
|move|p1a: Toxapex|Toxic Spikes|p2a: Vaporeon
|-sidestart|p2: goodudegood|move: Toxic Spikes
|
|-heal|p2a: Vaporeon|90/100 tox|[from] item: Leftovers
|-damage|p2a: Vaporeon|84/100 tox|[from] psn
|-damage|p1a: Toxapex|82/100 brn|[from] brn
|upkeep
|turn|317
|inactive|insidemynose has 20 seconds left this turn.
|
|switch|p2a: Mandibuzz|Mandibuzz, F|63/100 tox
|switch|p1a: Vaporeon|Vaporeon, F|100/100
|
|-heal|p2a: Mandibuzz|69/100 tox|[from] item: Leftovers
|-damage|p2a: Mandibuzz|63/100 tox|[from] psn
|upkeep
|turn|318
|inactive|insidemynose has 20 seconds left this turn.
|
|switch|p2a: Vaporeon|Vaporeon, F|84/100 tox
|move|p1a: Vaporeon|Haze|p1a: Vaporeon
|-clearallboost
|
|-heal|p2a: Vaporeon|90/100 tox|[from] item: Leftovers
|-damage|p2a: Vaporeon|84/100 tox|[from] psn
|upkeep
|turn|319
|inactive|insidemynose has 25 seconds left this turn.
|
|switch|p2a: Mandibuzz|Mandibuzz, F|63/100 tox
|move|p1a: Vaporeon|Haze|p1a: Vaporeon
|-clearallboost
|
|-heal|p2a: Mandibuzz|69/100 tox|[from] item: Leftovers
|-damage|p2a: Mandibuzz|63/100 tox|[from] psn
|upkeep
|turn|320
|inactive|insidemynose has 25 seconds left this turn.
|
|switch|p2a: Vaporeon|Vaporeon, F|84/100 tox
|move|p1a: Vaporeon|Haze|p1a: Vaporeon
|-clearallboost
|
|-heal|p2a: Vaporeon|90/100 tox|[from] item: Leftovers
|-damage|p2a: Vaporeon|84/100 tox|[from] psn
|upkeep
|turn|321
|inactive|insidemynose has 30 seconds left this turn.
|
|switch|p2a: Mandibuzz|Mandibuzz, F|63/100 tox
|move|p1a: Vaporeon|Scald|p2a: Mandibuzz
|-damage|p2a: Mandibuzz|38/100 tox
|
|-heal|p2a: Mandibuzz|45/100 tox|[from] item: Leftovers
|-damage|p2a: Mandibuzz|38/100 tox|[from] psn
|upkeep
|turn|322
|inactive|insidemynose has 30 seconds left this turn.
|
|switch|p2a: Vaporeon|Vaporeon, F|84/100 tox
|switch|p1a: Corviknight|Corviknight, M|88/100 brn
|-ability|p1a: Corviknight|Pressure
|
|-heal|p2a: Vaporeon|90/100 tox|[from] item: Leftovers
|-damage|p1a: Corviknight|82/100 brn|[from] brn
|-damage|p2a: Vaporeon|84/100 tox|[from] psn
|upkeep
|turn|323
|
|switch|p1a: Toxapex|Toxapex, M|100/100 brn
|move|p2a: Vaporeon|Scald|p1a: Toxapex
|-resisted|p1a: Toxapex
|-crit|p1a: Toxapex
|-damage|p1a: Toxapex|86/100 brn
|
|-heal|p2a: Vaporeon|90/100 tox|[from] item: Leftovers
|-damage|p2a: Vaporeon|77/100 tox|[from] psn
|-damage|p1a: Toxapex|80/100 brn|[from] brn
|upkeep
|turn|324
|inactive|insidemynose has 30 seconds left.
|
|switch|p2a: Mandibuzz|Mandibuzz, F|38/100 tox
|switch|p1a: Vaporeon|Vaporeon, F|100/100
|
|-heal|p2a: Mandibuzz|45/100 tox|[from] item: Leftovers
|-damage|p2a: Mandibuzz|38/100 tox|[from] psn
|upkeep
|turn|325
|
|switch|p2a: Vaporeon|Vaporeon, F|77/100 tox
|switch|p1a: Corviknight|Corviknight, M|82/100 brn
|-ability|p1a: Corviknight|Pressure
|
|-heal|p2a: Vaporeon|84/100 tox|[from] item: Leftovers
|-damage|p1a: Corviknight|75/100 brn|[from] brn
|-damage|p2a: Vaporeon|77/100 tox|[from] psn
|upkeep
|turn|326
|
|switch|p1a: Vaporeon|Vaporeon, F|100/100
|move|p2a: Vaporeon|Scald|p1a: Vaporeon
|-immune|p1a: Vaporeon|[from] ability: Water Absorb
|
|-heal|p2a: Vaporeon|84/100 tox|[from] item: Leftovers
|-damage|p2a: Vaporeon|71/100 tox|[from] psn
|upkeep
|turn|327
|
|switch|p2a: Mandibuzz|Mandibuzz, F|38/100 tox
|move|p1a: Vaporeon|Scald|p2a: Mandibuzz
|-damage|p2a: Mandibuzz|12/100 tox
|
|-heal|p2a: Mandibuzz|18/100 tox|[from] item: Leftovers
|-damage|p2a: Mandibuzz|12/100 tox|[from] psn
|upkeep
|turn|328
|inactive|insidemynose has 30 seconds left.
|
|move|p2a: Mandibuzz|Roost|p2a: Mandibuzz
|-heal|p2a: Mandibuzz|62/100 tox
|-singleturn|p2a: Mandibuzz|move: Roost
|move|p1a: Vaporeon|Scald|p2a: Mandibuzz
|-damage|p2a: Mandibuzz|36/100 tox
|
|-heal|p2a: Mandibuzz|42/100 tox|[from] item: Leftovers
|-damage|p2a: Mandibuzz|30/100 tox|[from] psn
|upkeep
|turn|329
|inactive|insidemynose has 30 seconds left this turn.
|
|switch|p2a: Vaporeon|Vaporeon, F|71/100 tox
|switch|p1a: Corviknight|Corviknight, M|75/100 brn
|-ability|p1a: Corviknight|Pressure
|
|-heal|p2a: Vaporeon|77/100 tox|[from] item: Leftovers
|-damage|p1a: Corviknight|69/100 brn|[from] brn
|-damage|p2a: Vaporeon|71/100 tox|[from] psn
|upkeep
|turn|330
|inactive|insidemynose has 30 seconds left this turn.
|
|switch|p1a: Vaporeon|Vaporeon, F|100/100
|switch|p2a: Mandibuzz|Mandibuzz, F|30/100 tox
|
|-heal|p2a: Mandibuzz|36/100 tox|[from] item: Leftovers
|-damage|p2a: Mandibuzz|30/100 tox|[from] psn
|upkeep
|turn|331
|
|switch|p2a: Vaporeon|Vaporeon, F|71/100 tox
|move|p1a: Vaporeon|Haze|p1a: Vaporeon
|-clearallboost
|
|-heal|p2a: Vaporeon|77/100 tox|[from] item: Leftovers
|-damage|p2a: Vaporeon|71/100 tox|[from] psn
|upkeep
|turn|332
|
|switch|p1a: Corviknight|Corviknight, M|69/100 brn
|-ability|p1a: Corviknight|Pressure
|move|p2a: Vaporeon|Haze|p2a: Vaporeon
|-clearallboost
|
|-heal|p2a: Vaporeon|77/100 tox|[from] item: Leftovers
|-damage|p1a: Corviknight|63/100 brn|[from] brn
|-damage|p2a: Vaporeon|65/100 tox|[from] psn
|upkeep
|turn|333
|
|switch|p1a: Vaporeon|Vaporeon, F|100/100
|switch|p2a: Mandibuzz|Mandibuzz, F|30/100 tox
|
|-heal|p2a: Mandibuzz|36/100 tox|[from] item: Leftovers
|-damage|p2a: Mandibuzz|30/100 tox|[from] psn
|upkeep
|turn|334
|inactive|insidemynose has 30 seconds left.
|
|switch|p2a: Vaporeon|Vaporeon, F|65/100 tox
|switch|p1a: Corviknight|Corviknight, M|63/100 brn
|-ability|p1a: Corviknight|Pressure
|
|-heal|p2a: Vaporeon|71/100 tox|[from] item: Leftovers
|-damage|p1a: Corviknight|57/100 brn|[from] brn
|-damage|p2a: Vaporeon|65/100 tox|[from] psn
|upkeep
|turn|335
|
|switch|p1a: Vaporeon|Vaporeon, F|100/100
|move|p2a: Vaporeon|Scald|p1a: Vaporeon
|-immune|p1a: Vaporeon|[from] ability: Water Absorb
|
|-heal|p2a: Vaporeon|71/100 tox|[from] item: Leftovers
|-damage|p2a: Vaporeon|59/100 tox|[from] psn
|upkeep
|turn|336
|
|switch|p2a: Mandibuzz|Mandibuzz, F|30/100 tox
|move|p1a: Vaporeon|Wish|p1a: Vaporeon
|
|-heal|p2a: Mandibuzz|36/100 tox|[from] item: Leftovers
|-damage|p2a: Mandibuzz|30/100 tox|[from] psn
|upkeep
|turn|337
|
|switch|p2a: Hydreigon|Hydreigon, F|76/100 tox
|switch|p1a: Corviknight|Corviknight, M|57/100 brn
|-ability|p1a: Corviknight|Pressure
|
|-heal|p1a: Corviknight|100/100 brn|[from] move: Wish|[wisher] Vaporeon
|-damage|p2a: Hydreigon|70/100 tox|[from] psn
|-damage|p1a: Corviknight|94/100 brn|[from] brn
|upkeep
|turn|338
|
|switch|p1a: Toxapex|Toxapex, M|100/100 brn
|move|p2a: Hydreigon|Draco Meteor|p1a: Toxapex|[miss]
|-miss|p2a: Hydreigon|p1a: Toxapex
|
|-damage|p2a: Hydreigon|57/100 tox|[from] psn
|-damage|p1a: Toxapex|94/100 brn|[from] brn
|upkeep
|turn|339
|
|switch|p2a: Vaporeon|Vaporeon, F|59/100 tox
|switch|p1a: Corviknight|Corviknight, M|94/100 brn
|-ability|p1a: Corviknight|Pressure
|
|-heal|p2a: Vaporeon|65/100 tox|[from] item: Leftovers
|-damage|p1a: Corviknight|88/100 brn|[from] brn
|-damage|p2a: Vaporeon|59/100 tox|[from] psn
|upkeep
|turn|340
|
|switch|p1a: Toxapex|Toxapex, M|100/100 brn
|switch|p2a: Mandibuzz|Mandibuzz, F|30/100 tox
|
|-heal|p2a: Mandibuzz|36/100 tox|[from] item: Leftovers
|-damage|p2a: Mandibuzz|30/100 tox|[from] psn
|-damage|p1a: Toxapex|94/100 brn|[from] brn
|upkeep
|turn|341
|
|switch|p1a: Vaporeon|Vaporeon, F|100/100
|move|p2a: Mandibuzz|Roost|p2a: Mandibuzz
|-heal|p2a: Mandibuzz|80/100 tox
|-singleturn|p2a: Mandibuzz|move: Roost
|
|-heal|p2a: Mandibuzz|86/100 tox|[from] item: Leftovers
|-damage|p2a: Mandibuzz|74/100 tox|[from] psn
|upkeep
|turn|342
|
|switch|p2a: Vaporeon|Vaporeon, F|59/100 tox
|switch|p1a: Toxapex|Toxapex, M|100/100 brn
|
|-heal|p2a: Vaporeon|65/100 tox|[from] item: Leftovers
|-damage|p2a: Vaporeon|59/100 tox|[from] psn
|-damage|p1a: Toxapex|94/100 brn|[from] brn
|upkeep
|turn|343
|inactive|insidemynose has 30 seconds left.
|
|switch|p2a: Mandibuzz|Mandibuzz, F|74/100 tox
|move|p1a: Toxapex|Toxic Spikes|p2a: Mandibuzz
|-sidestart|p2: goodudegood|move: Toxic Spikes
|
|-heal|p2a: Mandibuzz|80/100 tox|[from] item: Leftovers
|-damage|p2a: Mandibuzz|74/100 tox|[from] psn
|-damage|p1a: Toxapex|88/100 brn|[from] brn
|upkeep
|turn|344
|inactive|insidemynose has 30 seconds left this turn.
|
|switch|p2a: Vaporeon|Vaporeon, F|59/100 tox
|switch|p1a: Vaporeon|Vaporeon, F|100/100
|
|-heal|p2a: Vaporeon|65/100 tox|[from] item: Leftovers
|-damage|p2a: Vaporeon|59/100 tox|[from] psn
|upkeep
|turn|345
|inactive|insidemynose has 30 seconds left.
|
|move|p1a: Vaporeon|Haze|p1a: Vaporeon
|-clearallboost
|move|p2a: Vaporeon|Scald|p1a: Vaporeon
|-immune|p1a: Vaporeon|[from] ability: Water Absorb
|
|-heal|p2a: Vaporeon|65/100 tox|[from] item: Leftovers
|-damage|p2a: Vaporeon|52/100 tox|[from] psn
|upkeep
|turn|346
|inactive|insidemynose has 30 seconds left this turn.
|
|switch|p2a: Mandibuzz|Mandibuzz, F|74/100 tox
|move|p1a: Vaporeon|Scald|p2a: Mandibuzz
|-damage|p2a: Mandibuzz|47/100 tox
|
|-heal|p2a: Mandibuzz|53/100 tox|[from] item: Leftovers
|-damage|p2a: Mandibuzz|47/100 tox|[from] psn
|upkeep
|turn|347
|inactive|insidemynose has 30 seconds left this turn.
|inactive|insidemynose has 20 seconds left.
|
|switch|p2a: Vaporeon|Vaporeon, F|52/100 tox
|switch|p1a: Toxapex|Toxapex, M|100/100 brn
|
|-heal|p2a: Vaporeon|59/100 tox|[from] item: Leftovers
|-damage|p2a: Vaporeon|52/100 tox|[from] psn
|-damage|p1a: Toxapex|94/100 brn|[from] brn
|upkeep
|turn|348
|inactive|insidemynose has 20 seconds left this turn.
|inactive|insidemynose has 15 seconds left.
|
|switch|p2a: Mandibuzz|Mandibuzz, F|47/100 tox
|switch|p1a: Vaporeon|Vaporeon, F|100/100
|
|-heal|p2a: Mandibuzz|53/100 tox|[from] item: Leftovers
|-damage|p2a: Mandibuzz|47/100 tox|[from] psn
|upkeep
|turn|349
|inactive|insidemynose has 20 seconds left this turn.
|inactive|insidemynose has 15 seconds left.
|
|switch|p2a: Vaporeon|Vaporeon, F|52/100 tox
|move|p1a: Vaporeon|Haze|p1a: Vaporeon
|-clearallboost
|
|-heal|p2a: Vaporeon|59/100 tox|[from] item: Leftovers
|-damage|p2a: Vaporeon|52/100 tox|[from] psn
|upkeep
|turn|350
|inactive|insidemynose has 15 seconds left this turn.
|inactive|insidemynose has 10 seconds left.
|
|switch|p1a: Toxapex|Toxapex, M|100/100 brn
|move|p2a: Vaporeon|Haze|p2a: Vaporeon
|-clearallboost
|
|-heal|p2a: Vaporeon|59/100 tox|[from] item: Leftovers
|-damage|p2a: Vaporeon|46/100 tox|[from] psn
|-damage|p1a: Toxapex|94/100 brn|[from] brn
|upkeep
|turn|351
|inactive|insidemynose has 15 seconds left this turn.
|inactive|insidemynose has 10 seconds left.
|
|switch|p2a: Mandibuzz|Mandibuzz, F|47/100 tox
|switch|p1a: Vaporeon|Vaporeon, F|100/100
|
|-heal|p2a: Mandibuzz|53/100 tox|[from] item: Leftovers
|-damage|p2a: Mandibuzz|47/100 tox|[from] psn
|upkeep
|turn|352
|inactive|insidemynose has 10 seconds left this turn.
|
|switch|p2a: Vaporeon|Vaporeon, F|46/100 tox
|switch|p1a: Toxapex|Toxapex, M|100/100 brn
|
|-heal|p2a: Vaporeon|52/100 tox|[from] item: Leftovers
|-damage|p2a: Vaporeon|46/100 tox|[from] psn
|-damage|p1a: Toxapex|94/100 brn|[from] brn
|upkeep
|turn|353
|inactive|insidemynose has 15 seconds left this turn.
|
|switch|p2a: Mandibuzz|Mandibuzz, F|47/100 tox
|switch|p1a: Vaporeon|Vaporeon, F|100/100
|
|-heal|p2a: Mandibuzz|53/100 tox|[from] item: Leftovers
|-damage|p2a: Mandibuzz|47/100 tox|[from] psn
|upkeep
|turn|354
|inactive|insidemynose has 15 seconds left this turn.
|
|switch|p2a: Vaporeon|Vaporeon, F|46/100 tox
|switch|p1a: Toxapex|Toxapex, M|100/100 brn
|
|-heal|p2a: Vaporeon|52/100 tox|[from] item: Leftovers
|-damage|p2a: Vaporeon|46/100 tox|[from] psn
|-damage|p1a: Toxapex|94/100 brn|[from] brn
|upkeep
|turn|355
|inactive|insidemynose has 20 seconds left this turn.
|
|switch|p2a: Mandibuzz|Mandibuzz, F|47/100 tox
|switch|p1a: Vaporeon|Vaporeon, F|100/100
|
|-heal|p2a: Mandibuzz|53/100 tox|[from] item: Leftovers
|-damage|p2a: Mandibuzz|47/100 tox|[from] psn
|upkeep
|turn|356
|inactive|insidemynose has 20 seconds left this turn.
|
|switch|p2a: Vaporeon|Vaporeon, F|46/100 tox
|switch|p1a: Toxapex|Toxapex, M|100/100 brn
|
|-heal|p2a: Vaporeon|52/100 tox|[from] item: Leftovers
|-damage|p2a: Vaporeon|46/100 tox|[from] psn
|-damage|p1a: Toxapex|94/100 brn|[from] brn
|upkeep
|turn|357
|inactive|insidemynose has 25 seconds left this turn.
|
|switch|p2a: Mandibuzz|Mandibuzz, F|47/100 tox
|switch|p1a: Vaporeon|Vaporeon, F|100/100
|
|-heal|p2a: Mandibuzz|53/100 tox|[from] item: Leftovers
|-damage|p2a: Mandibuzz|47/100 tox|[from] psn
|upkeep
|turn|358
|inactive|insidemynose has 25 seconds left this turn.
|
|switch|p2a: Vaporeon|Vaporeon, F|46/100 tox
|switch|p1a: Toxapex|Toxapex, M|100/100 brn
|
|-heal|p2a: Vaporeon|52/100 tox|[from] item: Leftovers
|-damage|p2a: Vaporeon|46/100 tox|[from] psn
|-damage|p1a: Toxapex|94/100 brn|[from] brn
|upkeep
|turn|359
|inactive|insidemynose has 30 seconds left this turn.
|
|switch|p2a: Mandibuzz|Mandibuzz, F|47/100 tox
|switch|p1a: Vaporeon|Vaporeon, F|100/100
|
|-heal|p2a: Mandibuzz|53/100 tox|[from] item: Leftovers
|-damage|p2a: Mandibuzz|47/100 tox|[from] psn
|upkeep
|turn|360
|inactive|insidemynose has 25 seconds left this turn.
|
|switch|p2a: Vaporeon|Vaporeon, F|46/100 tox
|switch|p1a: Toxapex|Toxapex, M|100/100 brn
|
|-heal|p2a: Vaporeon|52/100 tox|[from] item: Leftovers
|-damage|p2a: Vaporeon|46/100 tox|[from] psn
|-damage|p1a: Toxapex|94/100 brn|[from] brn
|upkeep
|turn|361
|inactive|insidemynose has 30 seconds left this turn.
|
|switch|p2a: Mandibuzz|Mandibuzz, F|47/100 tox
|switch|p1a: Vaporeon|Vaporeon, F|100/100
|
|-heal|p2a: Mandibuzz|53/100 tox|[from] item: Leftovers
|-damage|p2a: Mandibuzz|47/100 tox|[from] psn
|upkeep
|turn|362
|inactive|insidemynose has 30 seconds left this turn.
|
|switch|p2a: Vaporeon|Vaporeon, F|46/100 tox
|switch|p1a: Toxapex|Toxapex, M|100/100 brn
|
|-heal|p2a: Vaporeon|52/100 tox|[from] item: Leftovers
|-damage|p2a: Vaporeon|46/100 tox|[from] psn
|-damage|p1a: Toxapex|94/100 brn|[from] brn
|upkeep
|turn|363
|
|switch|p2a: Mandibuzz|Mandibuzz, F|47/100 tox
|switch|p1a: Vaporeon|Vaporeon, F|100/100
|
|-heal|p2a: Mandibuzz|53/100 tox|[from] item: Leftovers
|-damage|p2a: Mandibuzz|47/100 tox|[from] psn
|upkeep
|turn|364
|
|switch|p2a: Vaporeon|Vaporeon, F|46/100 tox
|move|p1a: Vaporeon|Haze|p1a: Vaporeon
|-clearallboost
|
|-heal|p2a: Vaporeon|52/100 tox|[from] item: Leftovers
|-damage|p2a: Vaporeon|46/100 tox|[from] psn
|upkeep
|turn|365
|
|switch|p2a: Mandibuzz|Mandibuzz, F|47/100 tox
|move|p1a: Vaporeon|Scald|p2a: Mandibuzz
|-damage|p2a: Mandibuzz|22/100 tox
|
|-heal|p2a: Mandibuzz|28/100 tox|[from] item: Leftovers
|-damage|p2a: Mandibuzz|22/100 tox|[from] psn
|upkeep
|turn|366
|inactive|insidemynose has 30 seconds left.
|
|switch|p2a: Vaporeon|Vaporeon, F|46/100 tox
|switch|p1a: Corviknight|Corviknight, M|88/100 brn
|-ability|p1a: Corviknight|Pressure
|
|-heal|p2a: Vaporeon|52/100 tox|[from] item: Leftovers
|-damage|p1a: Corviknight|82/100 brn|[from] brn
|-damage|p2a: Vaporeon|46/100 tox|[from] psn
|upkeep
|turn|367
|inactive|insidemynose has 30 seconds left.
|
|switch|p2a: Mandibuzz|Mandibuzz, F|22/100 tox
|move|p1a: Corviknight|Taunt|p2a: Mandibuzz
|-start|p2a: Mandibuzz|move: Taunt
|
|-heal|p2a: Mandibuzz|28/100 tox|[from] item: Leftovers
|-damage|p2a: Mandibuzz|22/100 tox|[from] psn
|-damage|p1a: Corviknight|75/100 brn|[from] brn
|upkeep
|turn|368
|inactive|insidemynose has 30 seconds left this turn.
|
|switch|p2a: Vaporeon|Vaporeon, F|46/100 tox
|move|p1a: Corviknight|Body Press|p2a: Vaporeon
|-damage|p2a: Vaporeon|38/100 tox
|
|-heal|p2a: Vaporeon|44/100 tox|[from] item: Leftovers
|-damage|p1a: Corviknight|69/100 brn|[from] brn
|-damage|p2a: Vaporeon|38/100 tox|[from] psn
|upkeep
|turn|369
|inactive|insidemynose has 30 seconds left.
|
|move|p1a: Corviknight|Taunt|p2a: Vaporeon
|-start|p2a: Vaporeon|move: Taunt
|move|p2a: Vaporeon|Scald|p1a: Corviknight
|-damage|p1a: Corviknight|48/100 brn
|
|-heal|p2a: Vaporeon|44/100 tox|[from] item: Leftovers
|-damage|p1a: Corviknight|42/100 brn|[from] brn
|-damage|p2a: Vaporeon|32/100 tox|[from] psn
|upkeep
|turn|370
|inactive|insidemynose has 25 seconds left this turn.
|inactive|insidemynose has 20 seconds left.
|inactive|insidemynose has 15 seconds left.
|
|switch|p1a: Vaporeon|Vaporeon, F|100/100
|switch|p2a: Hydreigon|Hydreigon, F|57/100 tox
|
|-damage|p2a: Hydreigon|51/100 tox|[from] psn
|upkeep
|turn|371
|inactive|insidemynose has 20 seconds left this turn.
|inactive|insidemynose has 15 seconds left.
|
|move|p1a: Vaporeon|Protect|p1a: Vaporeon
|-singleturn|p1a: Vaporeon|Protect
|move|p2a: Hydreigon|Draco Meteor|p1a: Vaporeon
|-activate|p1a: Vaporeon|move: Protect
|
|-damage|p2a: Hydreigon|39/100 tox|[from] psn
|upkeep
|turn|372
|inactive|insidemynose has 15 seconds left this turn.
|inactive|insidemynose has 10 seconds left.
|
|switch|p2a: Mandibuzz|Mandibuzz, F|22/100 tox
|switch|p1a: Toxapex|Toxapex, M|100/100 brn
|
|-heal|p2a: Mandibuzz|28/100 tox|[from] item: Leftovers
|-damage|p2a: Mandibuzz|22/100 tox|[from] psn
|-damage|p1a: Toxapex|94/100 brn|[from] brn
|upkeep
|turn|373
|inactive|insidemynose has 15 seconds left this turn.
|inactive|insidemynose has 10 seconds left.
|
|switch|p2a: Vaporeon|Vaporeon, F|32/100 tox
|switch|p1a: Vaporeon|Vaporeon, F|100/100
|
|-heal|p2a: Vaporeon|38/100 tox|[from] item: Leftovers
|-damage|p2a: Vaporeon|32/100 tox|[from] psn
|upkeep
|turn|374
|inactive|insidemynose has 10 seconds left this turn.
|
|switch|p2a: Hydreigon|Hydreigon, F|39/100 tox
|move|p1a: Vaporeon|Scald|p2a: Hydreigon
|-resisted|p2a: Hydreigon
|-damage|p2a: Hydreigon|21/100 tox
|
|-damage|p2a: Hydreigon|15/100 tox|[from] psn
|upkeep
|turn|375
|inactive|insidemynose has 15 seconds left this turn.
|inactive|insidemynose has 10 seconds left.
|
|switch|p2a: Vaporeon|Vaporeon, F|32/100 tox
|move|p1a: Vaporeon|Protect||[still]
|-fail|p1a: Vaporeon
|
|-heal|p2a: Vaporeon|38/100 tox|[from] item: Leftovers
|-damage|p2a: Vaporeon|32/100 tox|[from] psn
|upkeep
|turn|376
|inactive|insidemynose has 10 seconds left this turn.
|
|move|p1a: Vaporeon|Haze|p1a: Vaporeon
|-clearallboost
|move|p2a: Vaporeon|Wish|p2a: Vaporeon
|
|-heal|p2a: Vaporeon|38/100 tox|[from] item: Leftovers
|-damage|p2a: Vaporeon|26/100 tox|[from] psn
|upkeep
|turn|377
|inactive|insidemynose has 15 seconds left this turn.
|inactive|insidemynose has 10 seconds left.
|
|switch|p1a: Toxapex|Toxapex, M|100/100 brn
|move|p2a: Vaporeon|Haze|p2a: Vaporeon
|-clearallboost
|
|-heal|p2a: Vaporeon|76/100 tox|[from] move: Wish|[wisher] Vaporeon
|-heal|p2a: Vaporeon|82/100 tox|[from] item: Leftovers
|-damage|p2a: Vaporeon|63/100 tox|[from] psn
|-damage|p1a: Toxapex|94/100 brn|[from] brn
|upkeep
|turn|378
|inactive|insidemynose has 10 seconds left this turn.
|inactive|insidemynose has 5 seconds left.
|
|switch|p2a: Mandibuzz|Mandibuzz, F|22/100 tox
|switch|p1a: Vaporeon|Vaporeon, F|100/100
|
|-heal|p2a: Mandibuzz|28/100 tox|[from] item: Leftovers
|-damage|p2a: Mandibuzz|22/100 tox|[from] psn
|upkeep
|turn|379
|inactive|insidemynose has 10 seconds left this turn.
|inactive|insidemynose has 5 seconds left.
|
|switch|p2a: Vaporeon|Vaporeon, F|63/100 tox
|switch|p1a: Toxapex|Toxapex, M|100/100 brn
|
|-heal|p2a: Vaporeon|69/100 tox|[from] item: Leftovers
|-damage|p2a: Vaporeon|63/100 tox|[from] psn
|-damage|p1a: Toxapex|94/100 brn|[from] brn
|upkeep
|turn|380
|inactive|insidemynose has 5 seconds left this turn.
|-message|insidemynose lost due to inactivity.
|
|win|goodudegood
|raw|insidemynose's rating: 1288 → 1261(-27 for losing)
|raw|goodudegood's rating: 1260 → 1287(+27 for winning)
|l|☆insidemynose
|l|☆goodudegood
|j|☆insidemynose
|player|p1|insidemynose|10
|l|☆insidemynose
|player|p1|
