|ScrapeTime|2020-01-01-23:08:33
|j|☆Leonheart45
|j|☆Pokevana
|player|p1|Leonheart45|167|1300
|player|p2|Pokevana|gentleman-gen4|1323
|teamsize|p1|6
|teamsize|p2|6
|gametype|singles
|gen|8
|tier|[Gen 8] OU
|rated|
|rule|Sleep Clause Mod: Limit one foe put to sleep
|rule|Species Clause: Limit one of each Pokémon
|rule|OHKO Clause: OHKO moves are banned
|rule|Evasion Moves Clause: Evasion moves are banned
|rule|Endless Battle Clause: Forcing endless battles is banned
|rule|HP Percentage Mod: HP is shown in percentages
|clearpoke
|poke|p1|Corsola-Galar, F|
|poke|p1|Clefable, M|
|poke|p1|Mandibuzz, F|
|poke|p1|Copperajah, F|
|poke|p1|Toxtricity, M|
|poke|p1|Dragapult, F|
|poke|p2|Cinderace, F|
|poke|p2|Tyranitar, F|
|poke|p2|Togekiss, M|
|poke|p2|Rillaboom, M|
|poke|p2|Toxtricity, M|
|poke|p2|Conkeldurr, F|
|rule|Dynamax Clause: You cannot dynamax
|teampreview
|
|start
|switch|p1a: Corsola|Corsola-Galar, F|100/100
|switch|p2a: Cinderace|Cinderace, F|100/100
|turn|1
|
|switch|p2a: Toxtricity|Toxtricity, M|100/100
|move|p1a: Corsola|Stealth Rock|p2a: Toxtricity
|-sidestart|p2: Pokevana|move: Stealth Rock
|
|upkeep
|turn|2
|
|switch|p1a: Copperajah|Copperajah, F|100/100
|move|p2a: Toxtricity|Volt Switch|p1a: Copperajah
|-damage|p1a: Copperajah|83/100
|
|switch|p2a: Cinderace|Cinderace, F|100/100|[from]move: Volt Switch
|-damage|p2a: Cinderace|76/100|[from] Stealth Rock
|
|upkeep
|turn|3
|
|switch|p1a: Corsola|Corsola-Galar, F|100/100
|move|p2a: Cinderace|Pyro Ball|p1a: Corsola
|-damage|p1a: Corsola|67/100
|
|upkeep
|turn|4
|
|move|p2a: Cinderace|Court Change|p2a: Cinderace
|-sideend|p2: Pokevana|Stealth Rock|[silent]
|-sidestart|p1: Leonheart45|Stealth Rock|[silent]
|-activate|p2a: Cinderace|move: Court Change
|move|p1a: Corsola|Strength Sap|p2a: Cinderace
|-unboost|p2a: Cinderace|atk|1
|-heal|p1a: Corsola|100/100
|
|upkeep
|turn|5
|
|switch|p2a: Toxtricity|Toxtricity, M|100/100
|move|p1a: Corsola|Night Shade|p2a: Toxtricity
|-damage|p2a: Toxtricity|66/100
|
|upkeep
|turn|6
|
|move|p2a: Toxtricity|Overdrive|p1a: Corsola
|-damage|p1a: Corsola|63/100
|move|p1a: Corsola|Strength Sap|p2a: Toxtricity
|-unboost|p2a: Toxtricity|atk|1
|-heal|p1a: Corsola|100/100
|
|upkeep
|turn|7
|
|switch|p2a: Togekiss|Togekiss, M|100/100
|move|p1a: Corsola|Stealth Rock|p2a: Togekiss
|-sidestart|p2: Pokevana|move: Stealth Rock
|
|upkeep
|turn|8
|
|switch|p1a: Copperajah|Copperajah, F|83/100
|-damage|p1a: Copperajah|77/100|[from] Stealth Rock
|move|p2a: Togekiss|Substitute|p2a: Togekiss
|-start|p2a: Togekiss|Substitute
|-damage|p2a: Togekiss|76/100
|
|upkeep
|turn|9
|
|move|p2a: Togekiss|Air Slash|p1a: Copperajah
|-resisted|p1a: Copperajah
|-damage|p1a: Copperajah|67/100
|cant|p1a: Copperajah|flinch
|
|upkeep
|turn|10
|-activate|p2a: Togekiss|item: Quick Claw
|
|move|p2a: Togekiss|Air Slash|p1a: Copperajah
|-resisted|p1a: Copperajah
|-damage|p1a: Copperajah|57/100
|move|p1a: Copperajah|Heavy Slam|p2a: Togekiss
|-supereffective|p2a: Togekiss
|-end|p2a: Togekiss|Substitute
|
|upkeep
|turn|11
|
|switch|p2a: Cinderace|Cinderace, F|76/100
|-damage|p2a: Cinderace|51/100|[from] Stealth Rock
|move|p1a: Copperajah|Heavy Slam|p2a: Cinderace
|-resisted|p2a: Cinderace
|-damage|p2a: Cinderace|6/100
|
|upkeep
|turn|12
|
|switch|p1a: Corsola|Corsola-Galar, F|100/100
|-damage|p1a: Corsola|88/100|[from] Stealth Rock
|move|p2a: Cinderace|Pyro Ball|p1a: Corsola
|-damage|p1a: Corsola|42/100
|-start|p2a: Cinderace|Disable|Pyro Ball|[from] ability: Cursed Body|[of] p1a: Corsola
|-status|p1a: Corsola|brn
|
|-damage|p1a: Corsola|35/100 brn|[from] brn
|upkeep
|turn|13
|
|move|p2a: Cinderace|High Jump Kick|p1a: Corsola
|-immune|p1a: Corsola
|-damage|p2a: Cinderace|0 fnt|[from] highjumpkick
|faint|p2a: Cinderace
|move|p1a: Corsola|Strength Sap|p2: Cinderace|[notarget]
|-fail|p1a: Corsola
|
|-damage|p1a: Corsola|29/100 brn|[from] brn
|upkeep
|
|switch|p2a: Toxtricity|Toxtricity, M|66/100
|-damage|p2a: Toxtricity|54/100|[from] Stealth Rock
|turn|14
|
|switch|p1a: Copperajah|Copperajah, F|57/100
|-damage|p1a: Copperajah|51/100|[from] Stealth Rock
|move|p2a: Toxtricity|Overdrive|p1a: Copperajah
|-damage|p1a: Copperajah|23/100
|
|upkeep
|turn|15
|
|move|p2a: Toxtricity|Overdrive|p1a: Copperajah
|-damage|p1a: Copperajah|0 fnt
|faint|p1a: Copperajah
|
|upkeep
|
|switch|p1a: Toxtricity|Toxtricity, M|100/100
|-damage|p1a: Toxtricity|88/100|[from] Stealth Rock
|turn|16
|
|move|p2a: Toxtricity|Overdrive|p1a: Toxtricity
|-resisted|p1a: Toxtricity
|-damage|p1a: Toxtricity|65/100
|move|p1a: Toxtricity|Overdrive|p2a: Toxtricity
|-resisted|p2a: Toxtricity
|-damage|p2a: Toxtricity|25/100
|
|upkeep
|turn|17
|
|switch|p2a: Tyranitar|Tyranitar, F|100/100
|-damage|p2a: Tyranitar|88/100|[from] Stealth Rock
|-weather|Sandstorm|[from] ability: Sand Stream|[of] p2a: Tyranitar
|move|p1a: Toxtricity|Overdrive|p2a: Tyranitar
|-damage|p2a: Tyranitar|42/100
|
|-weather|Sandstorm|[upkeep]
|-damage|p1a: Toxtricity|59/100|[from] Sandstorm
|upkeep
|turn|18
|
|move|p1a: Toxtricity|Overdrive|p2a: Tyranitar
|-damage|p2a: Tyranitar|0 fnt
|faint|p2a: Tyranitar
|
|-weather|Sandstorm|[upkeep]
|-damage|p1a: Toxtricity|53/100|[from] Sandstorm
|upkeep
|
|switch|p2a: Rillaboom|Rillaboom, M|100/100
|-damage|p2a: Rillaboom|88/100|[from] Stealth Rock
|turn|19
|
|switch|p1a: Mandibuzz|Mandibuzz, F|100/100
|move|p2a: Rillaboom|Swords Dance|p2a: Rillaboom
|-boost|p2a: Rillaboom|atk|2
|
|-weather|Sandstorm|[upkeep]
|-damage|p2a: Rillaboom|82/100|[from] Sandstorm
|upkeep
|turn|20
|
|move|p2a: Rillaboom|Swords Dance|p2a: Rillaboom
|-boost|p2a: Rillaboom|atk|2
|move|p1a: Mandibuzz|Toxic|p2a: Rillaboom
|-status|p2a: Rillaboom|tox
|-enditem|p2a: Rillaboom|Lum Berry|[eat]
|-curestatus|p2a: Rillaboom|tox|[msg]
|
|-weather|Sandstorm|[upkeep]
|-damage|p2a: Rillaboom|76/100|[from] Sandstorm
|upkeep
|turn|21
|
|move|p2a: Rillaboom|Acrobatics|p1a: Mandibuzz
|-damage|p1a: Mandibuzz|16/100
|move|p1a: Mandibuzz|Toxic|p2a: Rillaboom
|-status|p2a: Rillaboom|tox
|
|-weather|none
|-damage|p2a: Rillaboom|70/100 tox|[from] psn
|upkeep
|turn|22
|
|move|p2a: Rillaboom|Drain Punch|p1a: Mandibuzz
|-damage|p1a: Mandibuzz|0 fnt
|-heal|p2a: Rillaboom|80/100 tox|[from] drain|[of] p1a: Mandibuzz
|faint|p1a: Mandibuzz
|
|-damage|p2a: Rillaboom|67/100 tox|[from] psn
|upkeep
|
|switch|p1a: Corsola|Corsola-Galar, F|29/100 brn
|-damage|p1a: Corsola|17/100 brn|[from] Stealth Rock
|turn|23
|
|move|p2a: Rillaboom|Drum Beating|p1a: Corsola
|-damage|p1a: Corsola|0 fnt
|faint|p1a: Corsola
|
|-damage|p2a: Rillaboom|49/100 tox|[from] psn
|upkeep
|
|switch|p1a: Dragapult|Dragapult, F|100/100
|-damage|p1a: Dragapult|88/100|[from] Stealth Rock
|turn|24
|
|move|p1a: Dragapult|Dragon Darts|p2a: Rillaboom
|-damage|p2a: Rillaboom|24/100 tox
|-damage|p2a: Rillaboom|0 fnt
|-hitcount|p2a: Rillaboom|2
|faint|p2a: Rillaboom
|
|-heal|p1a: Dragapult|94/100|[from] item: Leftovers
|upkeep
|
|switch|p2a: Togekiss|Togekiss, M|76/100
|-damage|p2a: Togekiss|51/100|[from] Stealth Rock
|turn|25
|
|move|p1a: Dragapult|Substitute|p1a: Dragapult
|-start|p1a: Dragapult|Substitute
|-damage|p1a: Dragapult|69/100
|move|p2a: Togekiss|Draining Kiss|p1a: Dragapult
|-supereffective|p1a: Dragapult
|-end|p1a: Dragapult|Substitute
|-heal|p2a: Togekiss|70/100|[from] drain|[of] p1a: Dragapult
|
|-heal|p1a: Dragapult|75/100|[from] item: Leftovers
|upkeep
|turn|26
|
|switch|p1a: Clefable|Clefable, M, shiny|100/100
|move|p2a: Togekiss|Draining Kiss|p1a: Clefable
|-damage|p1a: Clefable|76/100
|-heal|p2a: Togekiss|94/100|[from] drain|[of] p1a: Clefable
|
|upkeep
|turn|27
|
|move|p2a: Togekiss|Nasty Plot|p2a: Togekiss
|-boost|p2a: Togekiss|spa|2
|move|p1a: Clefable|Calm Mind|p1a: Clefable
|-boost|p1a: Clefable|spa|1
|-boost|p1a: Clefable|spd|1
|
|upkeep
|turn|28
|
|move|p2a: Togekiss|Air Slash|p1a: Clefable|[miss]
|-miss|p2a: Togekiss|p1a: Clefable
|move|p1a: Clefable|Moonblast|p2a: Togekiss
|-damage|p2a: Togekiss|33/100
|
|upkeep
|turn|29
|-activate|p2a: Togekiss|item: Quick Claw
|
|move|p2a: Togekiss|Air Slash|p1a: Clefable
|-damage|p1a: Clefable|33/100
|cant|p1a: Clefable|flinch
|
|upkeep
|turn|30
|
|move|p2a: Togekiss|Substitute|p2a: Togekiss
|-start|p2a: Togekiss|Substitute
|-damage|p2a: Togekiss|9/100
|move|p1a: Clefable|Moonblast|p2a: Togekiss
|-end|p2a: Togekiss|Substitute
|
|upkeep
|turn|31
|
|move|p2a: Togekiss|Air Slash|p1a: Clefable
|-damage|p1a: Clefable|0 fnt
|faint|p1a: Clefable
|
|upkeep
|
|switch|p1a: Dragapult|Dragapult, F|75/100
|-damage|p1a: Dragapult|63/100|[from] Stealth Rock
|turn|32
|
|move|p1a: Dragapult|Phantom Force||[still]
|-prepare|p1a: Dragapult|Phantom Force|p2a: Togekiss
|move|p2a: Togekiss|Draining Kiss|p1a: Dragapult|[miss]
|-miss|p2a: Togekiss|p1a: Dragapult
|
|-heal|p1a: Dragapult|69/100|[from] item: Leftovers
|upkeep
|turn|33
|
|move|p1a: Dragapult|Phantom Force|p2a: Togekiss|[from]lockedmove
|-damage|p2a: Togekiss|0 fnt
|faint|p2a: Togekiss
|
|-heal|p1a: Dragapult|75/100|[from] item: Leftovers
|upkeep
|
|switch|p2a: Conkeldurr|Conkeldurr, F|100/100
|-damage|p2a: Conkeldurr|94/100|[from] Stealth Rock
|turn|34
|
|switch|p1a: Toxtricity|Toxtricity, M|53/100
|-damage|p1a: Toxtricity|41/100|[from] Stealth Rock
|move|p2a: Conkeldurr|Payback|p1a: Toxtricity
|-damage|p1a: Toxtricity|6/100
|
|upkeep
|turn|35
|
|move|p2a: Conkeldurr|Mach Punch|p1a: Toxtricity
|-resisted|p1a: Toxtricity
|-damage|p1a: Toxtricity|0 fnt
|faint|p1a: Toxtricity
|
|upkeep
|
|switch|p1a: Dragapult|Dragapult, F|75/100
|-damage|p1a: Dragapult|63/100|[from] Stealth Rock
|turn|36
|
|move|p1a: Dragapult|Phantom Force||[still]
|-prepare|p1a: Dragapult|Phantom Force|p2a: Conkeldurr
|move|p2a: Conkeldurr|Payback|p1a: Dragapult|[miss]
|-miss|p2a: Conkeldurr|p1a: Dragapult
|
|-heal|p1a: Dragapult|69/100|[from] item: Leftovers
|upkeep
|turn|37
|
|move|p1a: Dragapult|Phantom Force|p2a: Conkeldurr|[from]lockedmove
|-damage|p2a: Conkeldurr|50/100
|move|p2a: Conkeldurr|Payback|p1a: Dragapult
|-supereffective|p1a: Dragapult
|-damage|p1a: Dragapult|0 fnt
|faint|p1a: Dragapult
|
|win|Pokevana
|l|☆Leonheart45
|c|☆Pokevana|gg
|raw|Leonheart45's rating: 1300 → 1281(-19 for losing)
|raw|Pokevana's rating: 1304 → 1324(+20 for winning)
