|ScrapeTime|2020-01-02-03:26:26
|j|☆rulerfenrir
|j|☆Yuki awsl
|player|p1|rulerfenrir|hugh|1324
|player|p2|Yuki awsl|266|1323
|teamsize|p1|6
|teamsize|p2|6
|gametype|singles
|gen|8
|tier|[Gen 8] OU
|rated|
|rule|Sleep Clause Mod: Limit one foe put to sleep
|rule|Species Clause: Limit one of each Pokémon
|rule|OHKO Clause: OHKO moves are banned
|rule|Evasion Moves Clause: Evasion moves are banned
|rule|Endless Battle Clause: Forcing endless battles is banned
|rule|HP Percentage Mod: HP is shown in percentages
|clearpoke
|poke|p1|Corviknight, F|
|poke|p1|Hydreigon, M|
|poke|p1|Seismitoad, M|
|poke|p1|Conkeldurr, F|
|poke|p1|Sylveon, M|
|poke|p1|Cinderace, M|
|poke|p2|Rotom-Heat|
|poke|p2|Dugtrio, M|
|poke|p2|Seismitoad, F|
|poke|p2|Hatterene, F|
|poke|p2|Corviknight, M|
|poke|p2|Obstagoon, M|
|rule|Dynamax Clause: You cannot dynamax
|teampreview
|inactive|Battle timer is ON: inactive players will automatically lose when time's up. (requested by Yuki awsl)
|
|start
|switch|p1a: Seismitoad|Seismitoad, M, shiny|100/100
|switch|p2a: Seismitoad|Seismitoad, F|100/100
|turn|1
|
|switch|p2a: Hatterene|Hatterene, F|100/100
|move|p1a: Seismitoad|Stealth Rock|p2a: Hatterene
|move|p2a: Hatterene|Stealth Rock|p1a: Seismitoad|[from]Magic Bounce
|-sidestart|p1: rulerfenrir|move: Stealth Rock
|
|upkeep
|turn|2
|
|switch|p2a: Rotom|Rotom-Heat|100/100
|move|p1a: Seismitoad|Scald|p2a: Rotom
|-supereffective|p2a: Rotom
|-damage|p2a: Rotom|44/100
|
|upkeep
|turn|3
|
|switch|p2a: Seismitoad|Seismitoad, F|100/100
|move|p1a: Seismitoad|Scald|p2a: Seismitoad
|-immune|p2a: Seismitoad|[from] ability: Water Absorb
|
|upkeep
|turn|4
|
|switch|p2a: Hatterene|Hatterene, F|100/100
|move|p1a: Seismitoad|Toxic|p2a: Hatterene
|move|p2a: Hatterene|Toxic|p1a: Seismitoad|[from]Magic Bounce
|-status|p1a: Seismitoad|tox
|
|-damage|p1a: Seismitoad|94/100 tox|[from] psn
|upkeep
|turn|5
|
|move|p1a: Seismitoad|Scald|p2a: Hatterene
|-damage|p2a: Hatterene|75/100
|move|p2a: Hatterene|Calm Mind|p2a: Hatterene
|-boost|p2a: Hatterene|spa|1
|-boost|p2a: Hatterene|spd|1
|
|-heal|p1a: Seismitoad|100/100 tox|[from] item: Leftovers
|-heal|p2a: Hatterene|81/100|[from] item: Leftovers
|-damage|p1a: Seismitoad|88/100 tox|[from] psn
|upkeep
|turn|6
|
|switch|p1a: Sylveon|Sylveon, M, shiny|100/100
|-damage|p1a: Sylveon|88/100|[from] Stealth Rock
|move|p2a: Hatterene|Draining Kiss|p1a: Sylveon
|-damage|p1a: Sylveon|64/100
|-heal|p2a: Hatterene|100/100|[from] drain|[of] p1a: Sylveon
|
|upkeep
|turn|7
|
|move|p1a: Sylveon|Hyper Voice|p2a: Hatterene
|-damage|p2a: Hatterene|53/100
|move|p2a: Hatterene|Calm Mind|p2a: Hatterene
|-boost|p2a: Hatterene|spa|1
|-boost|p2a: Hatterene|spd|1
|
|-heal|p2a: Hatterene|59/100|[from] item: Leftovers
|upkeep
|turn|8
|
|move|p1a: Sylveon|Yawn|p2a: Hatterene
|move|p2a: Hatterene|Yawn|p1a: Sylveon|[from]Magic Bounce
|-start|p1a: Sylveon|move: Yawn|[of] p2a: Hatterene
|move|p2a: Hatterene|Draining Kiss|p1a: Sylveon
|-damage|p1a: Sylveon|31/100
|-heal|p2a: Hatterene|89/100|[from] drain|[of] p1a: Sylveon
|
|-heal|p2a: Hatterene|95/100|[from] item: Leftovers
|upkeep
|turn|9
|-message|rulerfenrir forfeited.
|
|win|Yuki awsl
|l|☆rulerfenrir
