|ScrapeTime|2020-01-02-02:26:57
|j|☆Darre_Bonfire
|j|☆anfereon
|player|p1|Darre_Bonfire|red|1354
|player|p2|anfereon|2|1386
|teamsize|p1|6
|teamsize|p2|6
|gametype|singles
|gen|8
|tier|[Gen 8] OU
|rated|
|rule|Sleep Clause Mod: Limit one foe put to sleep
|rule|Species Clause: Limit one of each Pokémon
|rule|OHKO Clause: OHKO moves are banned
|rule|Evasion Moves Clause: Evasion moves are banned
|rule|Endless Battle Clause: Forcing endless battles is banned
|rule|HP Percentage Mod: HP is shown in percentages
|clearpoke
|poke|p1|Hydreigon, M|
|poke|p1|Dracovish|
|poke|p1|Conkeldurr, F|
|poke|p1|Gastrodon, M|
|poke|p1|Ferrothorn, F|
|poke|p1|Obstagoon, F|
|poke|p2|Corsola-Galar, M|
|poke|p2|Dragapult, M|
|poke|p2|Sylveon, M|
|poke|p2|Dracovish|
|poke|p2|Excadrill, F|
|poke|p2|Obstagoon, F|
|rule|Dynamax Clause: You cannot dynamax
|teampreview
|inactive|Battle timer is ON: inactive players will automatically lose when time's up. (requested by Darre_Bonfire)
|
|start
|switch|p1a: Conkeldurr|Conkeldurr, F|100/100
|switch|p2a: Sylveon|Sylveon, M|100/100
|turn|1
|
|move|p2a: Sylveon|Hyper Voice|p1a: Conkeldurr
|-supereffective|p1a: Conkeldurr
|-damage|p1a: Conkeldurr|21/100
|move|p1a: Conkeldurr|Earthquake|p2a: Sylveon
|-damage|p2a: Sylveon|47/100
|
|-heal|p2a: Sylveon|53/100|[from] item: Leftovers
|upkeep
|turn|2
|
|switch|p1a: Ferrothorn|Ferrothorn, F|100/100
|move|p2a: Sylveon|Hyper Voice|p1a: Ferrothorn
|-resisted|p1a: Ferrothorn
|-damage|p1a: Ferrothorn|76/100
|
|-heal|p2a: Sylveon|59/100|[from] item: Leftovers
|-heal|p1a: Ferrothorn|82/100|[from] item: Leftovers
|upkeep
|turn|3
|
|move|p2a: Sylveon|Mystical Fire|p1a: Ferrothorn
|-supereffective|p1a: Ferrothorn
|-damage|p1a: Ferrothorn|2/100
|-unboost|p1a: Ferrothorn|spa|1
|move|p1a: Ferrothorn|Leech Seed|p2a: Sylveon
|-start|p2a: Sylveon|move: Leech Seed
|
|-heal|p2a: Sylveon|65/100|[from] item: Leftovers
|-heal|p1a: Ferrothorn|8/100|[from] item: Leftovers
|-damage|p2a: Sylveon|53/100|[from] Leech Seed|[of] p1a: Ferrothorn
|-heal|p1a: Ferrothorn|22/100|[silent]
|upkeep
|turn|4
|
|switch|p1a: Dracovish|Dracovish|100/100
|move|p2a: Sylveon|Hyper Voice|p1a: Dracovish
|-supereffective|p1a: Dracovish
|-damage|p1a: Dracovish|0 fnt
|faint|p1a: Dracovish
|
|-heal|p2a: Sylveon|59/100|[from] item: Leftovers
|upkeep
|
|switch|p1a: Gastrodon|Gastrodon, M, shiny|100/100
|turn|5
|
|move|p2a: Sylveon|Magical Leaf|p1a: Gastrodon
|-supereffective|p1a: Gastrodon
|-damage|p1a: Gastrodon|45/100
|move|p1a: Gastrodon|Scald|p2a: Sylveon
|-damage|p2a: Sylveon|41/100
|
|-heal|p2a: Sylveon|47/100|[from] item: Leftovers
|-heal|p1a: Gastrodon|52/100|[from] item: Leftovers
|-damage|p2a: Sylveon|35/100|[from] Leech Seed|[of] p1a: Gastrodon
|-heal|p1a: Gastrodon|64/100|[silent]
|upkeep
|turn|6
|
|move|p2a: Sylveon|Hyper Voice|p1a: Gastrodon
|-damage|p1a: Gastrodon|27/100
|move|p1a: Gastrodon|Recover|p1a: Gastrodon
|-heal|p1a: Gastrodon|77/100
|
|-heal|p2a: Sylveon|41/100|[from] item: Leftovers
|-heal|p1a: Gastrodon|83/100|[from] item: Leftovers
|-damage|p2a: Sylveon|28/100|[from] Leech Seed|[of] p1a: Gastrodon
|-heal|p1a: Gastrodon|96/100|[silent]
|upkeep
|turn|7
|
|switch|p2a: Obstagoon|Obstagoon, F|100/100
|move|p1a: Gastrodon|Earth Power|p2a: Obstagoon
|-damage|p2a: Obstagoon|64/100
|
|-heal|p1a: Gastrodon|100/100|[from] item: Leftovers
|-status|p2a: Obstagoon|brn|[from] item: Flame Orb
|upkeep
|turn|8
|
|switch|p1a: Ferrothorn|Ferrothorn, F|22/100
|move|p2a: Obstagoon|Knock Off|p1a: Ferrothorn
|-damage|p1a: Ferrothorn|0 fnt
|-damage|p2a: Obstagoon|52/100 brn|[from] ability: Iron Barbs|[of] p1a: Ferrothorn
|-enditem|p1a: Ferrothorn|Leftovers|[from] move: Knock Off|[of] p2a: Obstagoon
|faint|p1a: Ferrothorn
|
|-damage|p2a: Obstagoon|46/100 brn|[from] brn
|upkeep
|
|switch|p1a: Conkeldurr|Conkeldurr, F|21/100
|turn|9
|
|switch|p2a: Corsola|Corsola-Galar, M|100/100
|move|p1a: Conkeldurr|Mach Punch|p2a: Corsola
|-immune|p2a: Corsola
|
|upkeep
|turn|10
|
|switch|p1a: Obstagoon|Obstagoon, F|100/100
|move|p2a: Corsola|Strength Sap|p1a: Obstagoon
|-unboost|p1a: Obstagoon|atk|1
|
|-status|p1a: Obstagoon|brn|[from] item: Flame Orb
|upkeep
|turn|11
|
|switch|p2a: Obstagoon|Obstagoon, F|46/100 brn
|move|p1a: Obstagoon|Knock Off|p2a: Obstagoon
|-resisted|p2a: Obstagoon
|-damage|p2a: Obstagoon|26/100 brn
|-enditem|p2a: Obstagoon|Flame Orb|[from] move: Knock Off|[of] p1a: Obstagoon
|
|-damage|p1a: Obstagoon|94/100 brn|[from] brn
|-damage|p2a: Obstagoon|19/100 brn|[from] brn
|upkeep
|turn|12
|
|move|p1a: Obstagoon|Obstruct|p1a: Obstagoon
|-singleturn|p1a: Obstagoon|Protect
|move|p2a: Obstagoon|Facade|p1a: Obstagoon
|-activate|p1a: Obstagoon|move: Protect
|-unboost|p2a: Obstagoon|def|2
|
|-damage|p1a: Obstagoon|88/100 brn|[from] brn
|-damage|p2a: Obstagoon|13/100 brn|[from] brn
|upkeep
|turn|13
|
|move|p1a: Obstagoon|Facade|p2a: Obstagoon
|-damage|p2a: Obstagoon|0 fnt
|faint|p2a: Obstagoon
|
|-damage|p1a: Obstagoon|82/100 brn|[from] brn
|upkeep
|
|switch|p2a: Dracovish|Dracovish|100/100
|turn|14
|
|move|p1a: Obstagoon|Obstruct|p1a: Obstagoon
|-singleturn|p1a: Obstagoon|Protect
|move|p2a: Dracovish|Fishious Rend|p1a: Obstagoon
|-activate|p1a: Obstagoon|move: Protect
|-unboost|p2a: Dracovish|def|2
|
|-damage|p1a: Obstagoon|76/100 brn|[from] brn
|upkeep
|turn|15
|
|switch|p1a: Gastrodon|Gastrodon, M, shiny|100/100
|move|p2a: Dracovish|Fishious Rend|p1a: Gastrodon
|-ability|p1a: Gastrodon|Storm Drain|boost
|-boost|p1a: Gastrodon|spa|1
|
|upkeep
|turn|16
|
|switch|p2a: Corsola|Corsola-Galar, M|100/100
|move|p1a: Gastrodon|Acid Armor|p1a: Gastrodon
|-boost|p1a: Gastrodon|def|2
|
|upkeep
|turn|17
|
|move|p1a: Gastrodon|Scald|p2a: Corsola
|-damage|p2a: Corsola|83/100
|move|p2a: Corsola|Stealth Rock|p1a: Gastrodon
|-sidestart|p1: Darre_Bonfire|move: Stealth Rock
|
|upkeep
|turn|18
|
|move|p1a: Gastrodon|Earth Power|p2a: Corsola
|-damage|p2a: Corsola|61/100
|-start|p1a: Gastrodon|Disable|Earth Power|[from] ability: Cursed Body|[of] p2a: Corsola
|move|p2a: Corsola|Will-O-Wisp|p1a: Gastrodon|[miss]
|-miss|p2a: Corsola|p1a: Gastrodon
|
|upkeep
|turn|19
|
|move|p1a: Gastrodon|Scald|p2a: Corsola
|-damage|p2a: Corsola|43/100
|move|p2a: Corsola|Will-O-Wisp|p1a: Gastrodon
|-status|p1a: Gastrodon|brn
|
|-damage|p1a: Gastrodon|94/100 brn|[from] brn
|upkeep
|turn|20
|
|move|p1a: Gastrodon|Scald|p2a: Corsola
|-damage|p2a: Corsola|23/100
|move|p2a: Corsola|Strength Sap|p1a: Gastrodon
|-unboost|p1a: Gastrodon|atk|1
|-heal|p2a: Corsola|70/100
|
|-heal|p1a: Gastrodon|100/100 brn|[from] item: Leftovers
|-damage|p1a: Gastrodon|94/100 brn|[from] brn
|upkeep
|turn|21
|
|move|p1a: Gastrodon|Scald|p2a: Corsola
|-damage|p2a: Corsola|50/100
|move|p2a: Corsola|Night Shade|p1a: Gastrodon
|-damage|p1a: Gastrodon|68/100 brn
|
|-heal|p1a: Gastrodon|75/100 brn|[from] item: Leftovers
|-damage|p1a: Gastrodon|68/100 brn|[from] brn
|-end|p1a: Gastrodon|Disable
|upkeep
|turn|22
|
|move|p1a: Gastrodon|Earth Power|p2a: Corsola
|-crit|p2a: Corsola
|-damage|p2a: Corsola|18/100
|move|p2a: Corsola|Night Shade|p1a: Gastrodon
|-damage|p1a: Gastrodon|42/100 brn
|
|-heal|p1a: Gastrodon|49/100 brn|[from] item: Leftovers
|-damage|p1a: Gastrodon|42/100 brn|[from] brn
|upkeep
|turn|23
|
|move|p1a: Gastrodon|Recover|p1a: Gastrodon
|-heal|p1a: Gastrodon|92/100 brn
|move|p2a: Corsola|Strength Sap|p1a: Gastrodon
|-unboost|p1a: Gastrodon|atk|1
|-heal|p2a: Corsola|50/100
|
|-heal|p1a: Gastrodon|99/100 brn|[from] item: Leftovers
|-damage|p1a: Gastrodon|92/100 brn|[from] brn
|upkeep
|turn|24
|
|switch|p2a: Sylveon|Sylveon, M|28/100
|move|p1a: Gastrodon|Scald|p2a: Sylveon
|-damage|p2a: Sylveon|0 fnt
|faint|p2a: Sylveon
|
|-heal|p1a: Gastrodon|99/100 brn|[from] item: Leftovers
|-damage|p1a: Gastrodon|92/100 brn|[from] brn
|upkeep
|
|switch|p2a: Dragapult|Dragapult, M|100/100
|turn|25
|
|move|p2a: Dragapult|Dragon Dance|p2a: Dragapult
|-boost|p2a: Dragapult|atk|1
|-boost|p2a: Dragapult|spe|1
|move|p1a: Gastrodon|Earth Power|p2a: Dragapult
|-damage|p2a: Dragapult|43/100
|
|-heal|p1a: Gastrodon|99/100 brn|[from] item: Leftovers
|-damage|p1a: Gastrodon|92/100 brn|[from] brn
|upkeep
|turn|26
|
|move|p2a: Dragapult|Dragon Darts|p1a: Gastrodon
|-damage|p1a: Gastrodon|70/100 brn
|-damage|p1a: Gastrodon|51/100 brn
|-hitcount|p1a: Gastrodon|2
|move|p1a: Gastrodon|Earth Power|p2a: Dragapult
|-crit|p2a: Dragapult
|-damage|p2a: Dragapult|0 fnt
|faint|p2a: Dragapult
|
|-heal|p1a: Gastrodon|57/100 brn|[from] item: Leftovers
|-damage|p1a: Gastrodon|51/100 brn|[from] brn
|upkeep
|
|switch|p2a: Excadrill|Excadrill, F|100/100
|-ability|p2a: Excadrill|Mold Breaker
|turn|27
|
|move|p2a: Excadrill|Earthquake|p1a: Gastrodon
|-damage|p1a: Gastrodon|13/100 brn
|-damage|p2a: Excadrill|91/100|[from] item: Life Orb
|move|p1a: Gastrodon|Scald|p2a: Excadrill
|-supereffective|p2a: Excadrill
|-damage|p2a: Excadrill|0 fnt
|faint|p2a: Excadrill
|
|-heal|p1a: Gastrodon|19/100 brn|[from] item: Leftovers
|-damage|p1a: Gastrodon|13/100 brn|[from] brn
|upkeep
|
|switch|p2a: Dracovish|Dracovish|100/100
|turn|28
|
|move|p2a: Dracovish|Ice Fang|p1a: Gastrodon
|-damage|p1a: Gastrodon|0 fnt
|faint|p1a: Gastrodon
|
|upkeep
|
|switch|p1a: Obstagoon|Obstagoon, F|76/100 brn
|-damage|p1a: Obstagoon|64/100 brn|[from] Stealth Rock
|turn|29
|
|switch|p2a: Corsola|Corsola-Galar, M|50/100
|move|p1a: Obstagoon|Obstruct||[still]
|-fail|p1a: Obstagoon
|
|-damage|p1a: Obstagoon|58/100 brn|[from] brn
|upkeep
|turn|30
|
|move|p1a: Obstagoon|Knock Off|p2a: Corsola
|-supereffective|p2a: Corsola
|-damage|p2a: Corsola|0 fnt
|-enditem|p2a: Corsola|Eviolite|[from] move: Knock Off|[of] p1a: Obstagoon
|faint|p2a: Corsola
|
|-damage|p1a: Obstagoon|52/100 brn|[from] brn
|upkeep
|
|switch|p2a: Dracovish|Dracovish|100/100
|turn|31
|
|move|p1a: Obstagoon|Obstruct|p1a: Obstagoon
|-singleturn|p1a: Obstagoon|Protect
|move|p2a: Dracovish|Fishious Rend|p1a: Obstagoon
|-activate|p1a: Obstagoon|move: Protect
|-unboost|p2a: Dracovish|def|2
|
|-damage|p1a: Obstagoon|45/100 brn|[from] brn
|upkeep
|turn|32
|
|switch|p1a: Hydreigon|Hydreigon, M|100/100
|-damage|p1a: Hydreigon|88/100|[from] Stealth Rock
|move|p2a: Dracovish|Fishious Rend|p1a: Hydreigon
|-resisted|p1a: Hydreigon
|-damage|p1a: Hydreigon|39/100
|
|upkeep
|turn|33
|
|move|p2a: Dracovish|Fishious Rend|p1a: Hydreigon
|-resisted|p1a: Hydreigon
|-damage|p1a: Hydreigon|0 fnt
|faint|p1a: Hydreigon
|
|upkeep
|
|switch|p1a: Obstagoon|Obstagoon, F|45/100 brn
|-damage|p1a: Obstagoon|33/100 brn|[from] Stealth Rock
|turn|34
|
|move|p1a: Obstagoon|Obstruct|p1a: Obstagoon
|-singleturn|p1a: Obstagoon|Protect
|move|p2a: Dracovish|Fishious Rend|p1a: Obstagoon
|-activate|p1a: Obstagoon|move: Protect
|-unboost|p2a: Dracovish|def|2
|
|-damage|p1a: Obstagoon|27/100 brn|[from] brn
|upkeep
|turn|35
|
|move|p1a: Obstagoon|Obstruct||[still]
|-fail|p1a: Obstagoon
|move|p2a: Dracovish|Fishious Rend|p1a: Obstagoon
|-damage|p1a: Obstagoon|0 fnt
|faint|p1a: Obstagoon
|
|upkeep
|
|switch|p1a: Conkeldurr|Conkeldurr, F|21/100
|-damage|p1a: Conkeldurr|15/100|[from] Stealth Rock
|turn|36
|
|move|p1a: Conkeldurr|Mach Punch|p2a: Dracovish
|-damage|p2a: Dracovish|15/100
|move|p2a: Dracovish|Fishious Rend|p1a: Conkeldurr
|-damage|p1a: Conkeldurr|0 fnt
|faint|p1a: Conkeldurr
|
|win|anfereon
|raw|Darre_Bonfire's rating: 1354 → 1335(-19 for losing)
|raw|anfereon's rating: 1386 → 1404(+18 for winning)
|l|☆Darre_Bonfire
