|ScrapeTime|2020-01-02-09:15:43
|j|☆noveliss
|j|☆stunna4vegas
|player|p1|noveliss|mina|
|player|p2|stunna4vegas|2|
|teamsize|p1|6
|teamsize|p2|6
|gametype|singles
|gen|8
|tier|[Gen 8] OU
|rule|Sleep Clause Mod: Limit one foe put to sleep
|rule|Species Clause: Limit one of each Pokémon
|rule|OHKO Clause: OHKO moves are banned
|rule|Evasion Moves Clause: Evasion moves are banned
|rule|Endless Battle Clause: Forcing endless battles is banned
|rule|HP Percentage Mod: HP is shown in percentages
|clearpoke
|poke|p1|Aegislash, M|
|poke|p1|Bisharp, M|
|poke|p1|Dragapult, F|
|poke|p1|Mew|
|poke|p1|Mimikyu, M|
|poke|p1|Rotom-Wash|
|poke|p2|Dracovish|
|poke|p2|Clefable, F|
|poke|p2|Dragapult, F|
|poke|p2|Ditto|
|poke|p2|Cinderace, M|
|poke|p2|Obstagoon, M|
|rule|Dynamax Clause: You cannot dynamax
|teampreview
|
|start
|switch|p1a: Mew|Mew|100/100
|switch|p2a: Obstagoon|Obstagoon, M|100/100
|turn|1
|
|move|p1a: Mew|Stealth Rock|p2a: Obstagoon
|-sidestart|p2: stunna4vegas|move: Stealth Rock
|move|p2a: Obstagoon|Bulk Up|p2a: Obstagoon
|-boost|p2a: Obstagoon|atk|1
|-boost|p2a: Obstagoon|def|1
|
|-status|p2a: Obstagoon|brn|[from] item: Flame Orb
|upkeep
|turn|2
|j| iam✞parabellum✞
|c|☆noveliss|aye fuck u nigga
|
|move|p1a: Mew|Taunt|p2a: Obstagoon
|-start|p2a: Obstagoon|move: Taunt
|move|p2a: Obstagoon|Knock Off|p1a: Mew
|-supereffective|p1a: Mew
|-damage|p1a: Mew|0 fnt
|-enditem|p1a: Mew|Red Card|[from] move: Knock Off|[of] p2a: Obstagoon
|faint|p1a: Mew
|
|-damage|p2a: Obstagoon|94/100 brn|[from] brn
|upkeep
|
|switch|p1a: Mimikyu|Mimikyu, M|100/100
|turn|3
|
|switch|p2a: Cinderace|Cinderace, M|100/100
|move|p1a: Mimikyu|Swords Dance|p1a: Mimikyu
|-boost|p1a: Mimikyu|atk|2
|
|upkeep
|turn|4
|
|move|p2a: Cinderace|Court Change|p2a: Cinderace
|-sideend|p2: stunna4vegas|Stealth Rock|[silent]
|-sidestart|p1: noveliss|Stealth Rock|[silent]
|-activate|p2a: Cinderace|move: Court Change
|move|p1a: Mimikyu|Shadow Claw|p2a: Cinderace
|-damage|p2a: Cinderace|0 fnt
|-damage|p1a: Mimikyu|91/100|[from] item: Life Orb
|faint|p2a: Cinderace
|
|upkeep
|
|switch|p2a: Clefable|Clefable, F, shiny|100/100
|turn|5
|
|switch|p1a: Aegislash|Aegislash, M|100/100
|-damage|p1a: Aegislash|94/100|[from] Stealth Rock
|move|p2a: Clefable|Moonblast|p1a: Aegislash
|-resisted|p1a: Aegislash
|-damage|p1a: Aegislash|75/100
|
|upkeep
|turn|6
|
|switch|p2a: Ditto|Ditto, shiny|100/100
|-transform|p2a: Ditto|p1a: Aegislash|[from] ability: Imposter
|-formechange|p1a: Aegislash|Aegislash-Blade||[from] ability: Stance Change
|move|p1a: Aegislash|Flash Cannon|p2a: Ditto
|-resisted|p2a: Ditto
|-damage|p2a: Ditto|69/100
|
|upkeep
|turn|7
|
|switch|p2a: Obstagoon|Obstagoon, M|94/100 brn
|switch|p1a: Bisharp|Bisharp, M|100/100
|-damage|p1a: Bisharp|95/100|[from] Stealth Rock
|
|-damage|p2a: Obstagoon|88/100 brn|[from] brn
|upkeep
|turn|8
|
|move|p2a: Obstagoon|Close Combat|p1a: Bisharp
|-supereffective|p1a: Bisharp
|-damage|p1a: Bisharp|0 fnt
|-unboost|p2a: Obstagoon|def|1
|-unboost|p2a: Obstagoon|spd|1
|faint|p1a: Bisharp
|
|-damage|p2a: Obstagoon|82/100 brn|[from] brn
|upkeep
|
|switch|p1a: Mimikyu|Mimikyu, M|91/100
|-damage|p1a: Mimikyu|78/100|[from] Stealth Rock
|turn|9
|
|switch|p2a: Clefable|Clefable, F, shiny|100/100
|move|p1a: Mimikyu|Play Rough|p2a: Clefable
|-damage|p2a: Clefable|62/100
|-damage|p1a: Mimikyu|68/100|[from] item: Life Orb
|
|upkeep
|turn|10
|
|switch|p1a: Aegislash|Aegislash, M|75/100
|-damage|p1a: Aegislash|69/100|[from] Stealth Rock
|move|p2a: Clefable|Moonblast|p1a: Aegislash
|-resisted|p1a: Aegislash
|-damage|p1a: Aegislash|49/100
|
|upkeep
|turn|11
|
|switch|p2a: Obstagoon|Obstagoon, M|82/100 brn
|-formechange|p1a: Aegislash|Aegislash-Blade||[from] ability: Stance Change
|move|p1a: Aegislash|Steel Beam|p2a: Obstagoon
|-damage|p2a: Obstagoon|0 fnt
|-damage|p1a: Aegislash|0 fnt|[from] mindblown
|faint|p1a: Aegislash
|faint|p2a: Obstagoon
|
|upkeep
|c| iam✞parabellum✞|take ditto off
|c| iam✞parabellum✞|its ass
|
|switch|p2a: Clefable|Clefable, F, shiny|62/100
|switch|p1a: Mimikyu|Mimikyu, M|68/100
|-damage|p1a: Mimikyu|56/100|[from] Stealth Rock
|turn|12
|
|switch|p1a: Rotom|Rotom-Wash|100/100
|-damage|p1a: Rotom|88/100|[from] Stealth Rock
|move|p2a: Clefable|Moonblast|p1a: Rotom
|-damage|p1a: Rotom|35/100
|-unboost|p1a: Rotom|spa|1
|
|upkeep
|turn|13
|c|☆stunna4vegas|ditto is for other pult
|
|move|p1a: Rotom|Trick|p2a: Clefable
|-activate|p1a: Rotom|move: Trick|[of] p2a: Clefable
|-item|p2a: Clefable|Choice Scarf|[from] move: Trick
|-item|p1a: Rotom|Life Orb|[from] move: Trick
|move|p2a: Clefable|Moonblast|p1a: Rotom
|-damage|p1a: Rotom|0 fnt
|faint|p1a: Rotom
|
|upkeep
|c| iam✞parabellum✞|u got clef
|c|☆stunna4vegas|gg
|
|switch|p1a: Dragapult|Dragapult, F|100/100
|-damage|p1a: Dragapult|88/100|[from] Stealth Rock
|turn|14
|c|☆stunna4vegas|clef is like not a switch in for errtyhang
|c|☆stunna4vegas|my bitch cant take everything frm +1 pult lol
|c|☆stunna4vegas|maybw i can try ngl
|
|move|p1a: Dragapult|Dragon Dance|p1a: Dragapult
|-boost|p1a: Dragapult|atk|1
|-boost|p1a: Dragapult|spe|1
|move|p2a: Clefable|Moonblast|p1a: Dragapult
|-supereffective|p1a: Dragapult
|-damage|p1a: Dragapult|6/100
|
|upkeep
|turn|15
|c|☆noveliss|clef b dat ol reliable
|
|switch|p2a: Dracovish|Dracovish, shiny|100/100
|move|p1a: Dragapult|Phantom Force||[still]
|-prepare|p1a: Dragapult|Phantom Force|p2a: Dracovish
|
|upkeep
|turn|16
|c|☆noveliss|oh
|c|☆noveliss|hehe
|
|move|p1a: Dragapult|Phantom Force|p2a: Dracovish|[from]lockedmove
|-damage|p2a: Dracovish|24/100
|move|p2a: Dracovish|Fishious Rend|p1a: Dragapult
|-resisted|p1a: Dragapult
|-damage|p1a: Dragapult|0 fnt
|faint|p1a: Dragapult
|
|upkeep
|
|switch|p1a: Mimikyu|Mimikyu, M|56/100
|-damage|p1a: Mimikyu|44/100|[from] Stealth Rock
|turn|17
|c|☆stunna4vegas|man am i god
|
|move|p2a: Dracovish|Fishious Rend|p1a: Mimikyu
|-activate|p1a: Mimikyu|ability: Disguise
|-damage|p1a: Mimikyu|44/100
|detailschange|p1a: Mimikyu|Mimikyu-Busted, M
|-damage|p1a: Mimikyu|31/100|[from] ability: Disguise|[of] p1a: Mimikyu
|move|p1a: Mimikyu|Play Rough|p2a: Dracovish
|-supereffective|p2a: Dracovish
|-damage|p2a: Dracovish|0 fnt
|-damage|p1a: Mimikyu|21/100|[from] item: Life Orb
|faint|p2a: Dracovish
|
|upkeep
|c|☆stunna4vegas|2-0 vs mansdem like nov
|
|switch|p2a: Ditto|Ditto, shiny|69/100
|-transform|p2a: Ditto|p1a: Mimikyu|[from] ability: Imposter
|turn|18
|
|move|p2a: Ditto|Shadow Sneak|p1a: Mimikyu
|-supereffective|p1a: Mimikyu
|-damage|p1a: Mimikyu|0 fnt
|faint|p1a: Mimikyu
|
|win|stunna4vegas
