|ScrapeTime|2020-01-01-09:04:57
|j|☆MamaPerky
|j|☆EpicE
|player|p1|MamaPerky|ethan|1166
|player|p2|EpicE|101|1185
|teamsize|p1|6
|teamsize|p2|6
|gametype|singles
|gen|8
|tier|[Gen 8] OU
|rated|
|rule|Sleep Clause Mod: Limit one foe put to sleep
|rule|Species Clause: Limit one of each Pokémon
|rule|OHKO Clause: OHKO moves are banned
|rule|Evasion Moves Clause: Evasion moves are banned
|rule|Endless Battle Clause: Forcing endless battles is banned
|rule|HP Percentage Mod: HP is shown in percentages
|clearpoke
|poke|p1|Dragapult, M|
|poke|p1|Toxapex, M|
|poke|p1|Charizard, M|
|poke|p1|Mandibuzz, F|
|poke|p1|Mamoswine, F|
|poke|p1|Toxtricity, F|
|poke|p2|Dragapult, F|
|poke|p2|Toxapex, M|
|poke|p2|Runerigus, F|
|poke|p2|Togekiss, F|
|poke|p2|Sirfetch'd, F|
|poke|p2|Toxtricity-Low-Key, F|
|rule|Dynamax Clause: You cannot dynamax
|teampreview
|
|start
|switch|p1a: Charizard|Charizard, M|100/100
|switch|p2a: Runerigus|Runerigus, F|100/100
|turn|1
|
|move|p1a: Charizard|Belly Drum|p1a: Charizard
|-damage|p1a: Charizard|50/100
|-setboost|p1a: Charizard|atk|6|[from] move: Belly Drum
|-enditem|p1a: Charizard|Sitrus Berry|[eat]
|-heal|p1a: Charizard|75/100|[from] item: Sitrus Berry
|move|p2a: Runerigus|Stealth Rock|p1a: Charizard
|-sidestart|p1: MamaPerky|move: Stealth Rock
|
|upkeep
|turn|2
|
|move|p1a: Charizard|Dragon Claw|p2a: Runerigus
|-damage|p2a: Runerigus|52/100
|-activate|p1a: Charizard|ability: Wandering Spirit|Wandering Spirit|Blaze|[of] p2a: Runerigus
|move|p2a: Runerigus|Body Press|p1a: Charizard
|-resisted|p1a: Charizard
|-damage|p1a: Charizard|51/100
|-activate|p2a: Runerigus|ability: Wandering Spirit|Wandering Spirit|Blaze|[of] p1a: Charizard
|
|-heal|p2a: Runerigus|58/100|[from] item: Leftovers
|upkeep
|turn|3
|
|move|p1a: Charizard|Dragon Claw|p2a: Runerigus
|-damage|p2a: Runerigus|9/100
|-activate|p1a: Charizard|ability: Wandering Spirit|Wandering Spirit|Blaze|[of] p2a: Runerigus
|move|p2a: Runerigus|Body Press|p1a: Charizard
|-resisted|p1a: Charizard
|-crit|p1a: Charizard
|-damage|p1a: Charizard|17/100
|-activate|p2a: Runerigus|ability: Wandering Spirit|Wandering Spirit|Blaze|[of] p1a: Charizard
|
|-heal|p2a: Runerigus|15/100|[from] item: Leftovers
|upkeep
|turn|4
|
|move|p1a: Charizard|Dragon Claw|p2a: Runerigus
|-damage|p2a: Runerigus|0 fnt
|-activate|p1a: Charizard|ability: Wandering Spirit|Wandering Spirit|Blaze|[of] p2a: Runerigus
|faint|p2a: Runerigus
|
|upkeep
|
|switch|p2a: Dragapult|Dragapult, F|100/100
|turn|5
|
|move|p2a: Dragapult|Dragon Darts|p1a: Charizard
|-damage|p1a: Charizard|0 fnt
|-hitcount|p1a: Charizard|1
|-damage|p2a: Dragapult|91/100|[from] item: Life Orb
|faint|p1a: Charizard
|
|upkeep
|
|switch|p1a: Dragapult|Dragapult, M|100/100
|-damage|p1a: Dragapult|88/100|[from] Stealth Rock
|turn|6
|
|move|p1a: Dragapult|Shadow Ball|p2a: Dragapult
|-supereffective|p2a: Dragapult
|-damage|p2a: Dragapult|0 fnt
|faint|p2a: Dragapult
|
|upkeep
|
|switch|p2a: Togekiss|Togekiss, F|100/100
|turn|7
|
|switch|p1a: Toxapex|Toxapex, M, shiny|100/100
|-damage|p1a: Toxapex|88/100|[from] Stealth Rock
|move|p2a: Togekiss|Air Slash|p1a: Toxapex
|-damage|p1a: Toxapex|51/100
|
|-heal|p1a: Toxapex|57/100|[from] item: Black Sludge
|upkeep
|turn|8
|
|move|p2a: Togekiss|Air Slash|p1a: Toxapex
|-damage|p1a: Toxapex|23/100
|cant|p1a: Toxapex|flinch
|
|-heal|p1a: Toxapex|29/100|[from] item: Black Sludge
|upkeep
|turn|9
|
|switch|p1a: Mandibuzz|Mandibuzz, F, shiny|100/100
|move|p2a: Togekiss|Air Slash|p1a: Mandibuzz
|-damage|p1a: Mandibuzz|68/100
|
|upkeep
|turn|10
|
|move|p2a: Togekiss|Air Slash|p1a: Mandibuzz
|-damage|p1a: Mandibuzz|31/100
|cant|p1a: Mandibuzz|flinch
|
|upkeep
|turn|11
|
|move|p2a: Togekiss|Air Slash|p1a: Mandibuzz
|-damage|p1a: Mandibuzz|0 fnt
|faint|p1a: Mandibuzz
|
|upkeep
|
|switch|p1a: Toxtricity|Toxtricity, F|100/100
|-damage|p1a: Toxtricity|88/100|[from] Stealth Rock
|turn|12
|
|move|p1a: Toxtricity|Boomburst|p2a: Togekiss
|-damage|p2a: Togekiss|48/100
|move|p2a: Togekiss|Air Slash|p1a: Toxtricity
|-resisted|p1a: Toxtricity
|-damage|p1a: Toxtricity|58/100
|
|upkeep
|turn|13
|
|switch|p2a: Sirfetch'd|Sirfetch'd, F|100/100
|move|p1a: Toxtricity|Boomburst|p2a: Sirfetch'd
|-damage|p2a: Sirfetch'd|33/100
|
|upkeep
|turn|14
|
|move|p2a: Sirfetch'd|First Impression|p1a: Toxtricity
|-resisted|p1a: Toxtricity
|-damage|p1a: Toxtricity|32/100
|move|p1a: Toxtricity|Boomburst|p2a: Sirfetch'd
|-damage|p2a: Sirfetch'd|0 fnt
|faint|p2a: Sirfetch'd
|
|upkeep
|
|switch|p2a: Toxapex|Toxapex, M|100/100
|turn|15
|
|switch|p1a: Mamoswine|Mamoswine, F|100/100
|-damage|p1a: Mamoswine|88/100|[from] Stealth Rock
|move|p2a: Toxapex|Infestation|p1a: Mamoswine
|-damage|p1a: Mamoswine|84/100
|-activate|p1a: Mamoswine|move: Infestation|[of] p2a: Toxapex
|
|-damage|p1a: Mamoswine|72/100|[from] move: Infestation|[partiallytrapped]
|upkeep
|turn|16
|
|move|p2a: Toxapex|Baneful Bunker|p2a: Toxapex
|-singleturn|p2a: Toxapex|move: Protect
|move|p1a: Mamoswine|Earthquake|p2a: Toxapex
|-activate|p2a: Toxapex|move: Protect
|
|-damage|p1a: Mamoswine|59/100|[from] move: Infestation|[partiallytrapped]
|upkeep
|turn|17
|
|switch|p2a: Togekiss|Togekiss, F|48/100
|move|p1a: Mamoswine|Earthquake|p2a: Togekiss
|-immune|p2a: Togekiss
|
|-end|p1a: Mamoswine|Infestation|[partiallytrapped]|[silent]
|upkeep
|turn|18
|
|switch|p1a: Toxapex|Toxapex, M, shiny|62/100
|-damage|p1a: Toxapex|50/100|[from] Stealth Rock
|move|p2a: Togekiss|Flamethrower|p1a: Toxapex
|-resisted|p1a: Toxapex
|-damage|p1a: Toxapex|35/100
|
|-heal|p1a: Toxapex|42/100|[from] item: Black Sludge
|upkeep
|turn|19
|
|switch|p2a: Toxtricity|Toxtricity-Low-Key, F|100/100
|move|p1a: Toxapex|Recover|p1a: Toxapex
|-heal|p1a: Toxapex|92/100
|
|-heal|p1a: Toxapex|98/100|[from] item: Black Sludge
|upkeep
|turn|20
|
|switch|p1a: Mamoswine|Mamoswine, F|59/100
|-damage|p1a: Mamoswine|47/100|[from] Stealth Rock
|move|p2a: Toxtricity|Boomburst|p1a: Mamoswine
|-damage|p1a: Mamoswine|0 fnt
|faint|p1a: Mamoswine
|
|upkeep
|
|switch|p1a: Dragapult|Dragapult, M|88/100
|-damage|p1a: Dragapult|76/100|[from] Stealth Rock
|turn|21
|
|move|p1a: Dragapult|Shadow Ball|p2a: Toxtricity
|-damage|p2a: Toxtricity|19/100
|move|p2a: Toxtricity|Boomburst|p1a: Dragapult
|-immune|p1a: Dragapult
|
|upkeep
|turn|22
|
|switch|p2a: Toxapex|Toxapex, M|100/100
|move|p1a: Dragapult|Shadow Ball|p2a: Toxapex
|-damage|p2a: Toxapex|62/100
|
|-heal|p2a: Toxapex|68/100|[from] item: Black Sludge
|upkeep
|turn|23
|
|move|p1a: Dragapult|Shadow Ball|p2a: Toxapex
|-damage|p2a: Toxapex|30/100
|move|p2a: Toxapex|Recover|p2a: Toxapex
|-heal|p2a: Toxapex|80/100
|
|-heal|p2a: Toxapex|85/100|[from] item: Black Sludge
|upkeep
|turn|24
|
|move|p1a: Dragapult|Shadow Ball|p2a: Toxapex
|-damage|p2a: Toxapex|43/100
|-unboost|p2a: Toxapex|spd|1
|move|p2a: Toxapex|Toxic|p1a: Dragapult
|-status|p1a: Dragapult|tox
|
|-heal|p2a: Toxapex|49/100|[from] item: Black Sludge
|-damage|p1a: Dragapult|70/100 tox|[from] psn
|upkeep
|turn|25
|
|move|p2a: Toxapex|Baneful Bunker|p2a: Toxapex
|-singleturn|p2a: Toxapex|move: Protect
|move|p1a: Dragapult|Shadow Ball|p2a: Toxapex
|-activate|p2a: Toxapex|move: Protect
|
|-heal|p2a: Toxapex|55/100|[from] item: Black Sludge
|-damage|p1a: Dragapult|58/100 tox|[from] psn
|upkeep
|turn|26
|inactive|Battle timer is ON: inactive players will automatically lose when time's up. (requested by MamaPerky)
|
|switch|p2a: Toxtricity|Toxtricity-Low-Key, F|19/100
|move|p1a: Dragapult|Shadow Ball|p2a: Toxtricity
|-damage|p2a: Toxtricity|0 fnt
|faint|p2a: Toxtricity
|
|-damage|p1a: Dragapult|40/100 tox|[from] psn
|upkeep
|
|switch|p2a: Toxapex|Toxapex, M|88/100
|turn|27
|
|move|p1a: Dragapult|Shadow Ball|p2a: Toxapex
|-damage|p2a: Toxapex|48/100
|move|p2a: Toxapex|Recover|p2a: Toxapex
|-heal|p2a: Toxapex|98/100
|
|-heal|p2a: Toxapex|100/100|[from] item: Black Sludge
|-damage|p1a: Dragapult|16/100 tox|[from] psn
|upkeep
|turn|28
|
|move|p2a: Toxapex|Baneful Bunker|p2a: Toxapex
|-singleturn|p2a: Toxapex|move: Protect
|move|p1a: Dragapult|Shadow Ball|p2a: Toxapex
|-activate|p2a: Toxapex|move: Protect
|
|-damage|p1a: Dragapult|0 fnt|[from] psn
|faint|p1a: Dragapult
|upkeep
|
|switch|p1a: Toxtricity|Toxtricity, F|32/100
|-damage|p1a: Toxtricity|20/100|[from] Stealth Rock
|turn|29
|
|move|p1a: Toxtricity|Overdrive|p2a: Toxapex
|-supereffective|p2a: Toxapex
|-damage|p2a: Toxapex|27/100
|move|p2a: Toxapex|Toxic|p1a: Toxtricity
|-immune|p1a: Toxtricity
|
|-heal|p2a: Toxapex|33/100|[from] item: Black Sludge
|upkeep
|turn|30
|
|move|p2a: Toxapex|Baneful Bunker|p2a: Toxapex
|-singleturn|p2a: Toxapex|move: Protect
|move|p1a: Toxtricity|Overdrive|p2a: Toxapex
|-activate|p2a: Toxapex|move: Protect
|
|-heal|p2a: Toxapex|39/100|[from] item: Black Sludge
|upkeep
|turn|31
|
|move|p1a: Toxtricity|Overdrive|p2a: Toxapex
|-supereffective|p2a: Toxapex
|-damage|p2a: Toxapex|0 fnt
|faint|p2a: Toxapex
|
|upkeep
|
|switch|p2a: Togekiss|Togekiss, F|48/100
|turn|32
|
|move|p1a: Toxtricity|Overdrive|p2a: Togekiss
|-supereffective|p2a: Togekiss
|-damage|p2a: Togekiss|0 fnt
|faint|p2a: Togekiss
|
|win|MamaPerky
|raw|MamaPerky's rating: 1167 → 1193(+26 for winning)
|raw|EpicE's rating: 1185 → 1159(-26 for losing)
|l|☆EpicE
