|ScrapeTime|2020-01-03-01:44:41
|j|☆JulianKS
|j|☆basfdbasdb
|player|p1|JulianKS|acetrainerf-gen4|1207
|player|p2|basfdbasdb|#gmars|1145
|teamsize|p1|6
|teamsize|p2|6
|gametype|singles
|gen|8
|tier|[Gen 8] OU
|rated|
|rule|Sleep Clause Mod: Limit one foe put to sleep
|rule|Species Clause: Limit one of each Pokémon
|rule|OHKO Clause: OHKO moves are banned
|rule|Evasion Moves Clause: Evasion moves are banned
|rule|Endless Battle Clause: Forcing endless battles is banned
|rule|HP Percentage Mod: HP is shown in percentages
|clearpoke
|poke|p1|Corsola-Galar, F|
|poke|p1|Cinderace, M|
|poke|p1|Ditto|
|poke|p1|Hatterene, F|
|poke|p1|Dracovish|
|poke|p1|Corviknight, M|
|poke|p2|Obstagoon, F|
|poke|p2|Rotom-Mow|
|poke|p2|Corviknight, F|
|poke|p2|Dragapult, F|
|poke|p2|Seismitoad, M|
|poke|p2|Sylveon, M|
|rule|Dynamax Clause: You cannot dynamax
|teampreview
|inactive|Battle timer is ON: inactive players will automatically lose when time's up. (requested by JulianKS)
|
|start
|switch|p1a: Cinderace|Cinderace, M|100/100
|switch|p2a: Dragapult|Dragapult, F|100/100
|turn|1
|
|move|p1a: Cinderace|Sucker Punch||[still]
|-fail|p1a: Cinderace
|move|p2a: Dragapult|Thunder Wave|p1a: Cinderace
|-status|p1a: Cinderace|par
|
|upkeep
|turn|2
|
|move|p1a: Cinderace|Sucker Punch||[still]
|-fail|p1a: Cinderace
|move|p2a: Dragapult|Substitute|p2a: Dragapult
|-start|p2a: Dragapult|Substitute
|-damage|p2a: Dragapult|76/100
|
|-heal|p2a: Dragapult|82/100|[from] item: Leftovers
|upkeep
|turn|3
|
|move|p2a: Dragapult|Disable|p1a: Cinderace
|-start|p1a: Cinderace|Disable|Sucker Punch
|move|p1a: Cinderace|U-turn|p2a: Dragapult
|-resisted|p2a: Dragapult
|-activate|p2a: Dragapult|move: Substitute|[damage]
|-damage|p1a: Cinderace|91/100 par|[from] item: Life Orb
|
|switch|p1a: Ditto|Ditto, shiny|100/100|[from]move: U-turn
|
|-heal|p2a: Dragapult|88/100|[from] item: Leftovers
|upkeep
|turn|4
|
|switch|p1a: Corviknight|Corviknight, M|100/100
|move|p2a: Dragapult|Thunder Wave|p1a: Corviknight
|-status|p1a: Corviknight|par
|
|-heal|p2a: Dragapult|94/100|[from] item: Leftovers
|upkeep
|turn|5
|
|move|p2a: Dragapult|Hex|p1a: Corviknight
|-damage|p1a: Corviknight|58/100 par
|cant|p1a: Corviknight|par
|
|-heal|p2a: Dragapult|99/100|[from] item: Leftovers
|upkeep
|turn|6
|
|move|p2a: Dragapult|Hex|p1a: Corviknight
|-damage|p1a: Corviknight|16/100 par
|move|p1a: Corviknight|Brave Bird|p2a: Dragapult
|-end|p2a: Dragapult|Substitute
|-damage|p1a: Corviknight|14/100 par|[from] Recoil|[of] p2a: Dragapult
|
|-heal|p2a: Dragapult|100/100|[from] item: Leftovers
|upkeep
|turn|7
|
|move|p2a: Dragapult|Substitute|p2a: Dragapult
|-start|p2a: Dragapult|Substitute
|-damage|p2a: Dragapult|76/100
|cant|p1a: Corviknight|par
|
|-heal|p2a: Dragapult|82/100|[from] item: Leftovers
|upkeep
|turn|8
|
|move|p2a: Dragapult|Hex|p1a: Corviknight
|-damage|p1a: Corviknight|0 fnt
|faint|p1a: Corviknight
|
|-heal|p2a: Dragapult|88/100|[from] item: Leftovers
|upkeep
|
|switch|p1a: Hatterene|Hatterene, F|100/100
|turn|9
|
|move|p2a: Dragapult|Hex|p1a: Hatterene
|-supereffective|p1a: Hatterene
|-damage|p1a: Hatterene|61/100
|move|p1a: Hatterene|Draining Kiss|p2a: Dragapult
|-supereffective|p2a: Dragapult
|-end|p2a: Dragapult|Substitute
|-heal|p1a: Hatterene|81/100|[from] drain|[of] p2a: Dragapult
|
|-heal|p2a: Dragapult|94/100|[from] item: Leftovers
|-heal|p1a: Hatterene|87/100|[from] item: Leftovers
|upkeep
|turn|10
|
|switch|p2a: Corviknight|Corviknight, F|100/100
|move|p1a: Hatterene|Draining Kiss|p2a: Corviknight
|-resisted|p2a: Corviknight
|-damage|p2a: Corviknight|91/100
|-heal|p1a: Hatterene|96/100|[from] drain|[of] p2a: Corviknight
|
|-heal|p2a: Corviknight|97/100|[from] item: Leftovers
|-heal|p1a: Hatterene|100/100|[from] item: Leftovers
|upkeep
|turn|11
|
|move|p2a: Corviknight|Iron Head|p1a: Hatterene
|-supereffective|p1a: Hatterene
|-crit|p1a: Hatterene
|-damage|p1a: Hatterene|24/100
|cant|p1a: Hatterene|flinch
|
|-heal|p2a: Corviknight|100/100|[from] item: Leftovers
|-heal|p1a: Hatterene|30/100|[from] item: Leftovers
|upkeep
|turn|12
|
|switch|p1a: Corsola|Corsola-Galar, F, shiny|100/100
|move|p2a: Corviknight|Iron Head|p1a: Corsola
|-damage|p1a: Corsola|83/100
|
|upkeep
|turn|13
|
|move|p2a: Corviknight|U-turn|p1a: Corsola
|-resisted|p1a: Corsola
|-damage|p1a: Corsola|78/100
|
|switch|p2a: Obstagoon|Obstagoon, F|100/100|[from]move: U-turn
|move|p1a: Corsola|Stealth Rock|p2a: Obstagoon
|-sidestart|p2: basfdbasdb|move: Stealth Rock
|
|-status|p2a: Obstagoon|brn|[from] item: Flame Orb
|upkeep
|turn|14
|
|move|p2a: Obstagoon|Knock Off|p1a: Corsola
|-supereffective|p1a: Corsola
|-damage|p1a: Corsola|0 fnt
|-enditem|p1a: Corsola|Eviolite|[from] move: Knock Off|[of] p2a: Obstagoon
|faint|p1a: Corsola
|
|-damage|p2a: Obstagoon|94/100 brn|[from] brn
|upkeep
|
|switch|p1a: Dracovish|Dracovish|100/100
|turn|15
|
|switch|p2a: Seismitoad|Seismitoad, M|100/100
|-damage|p2a: Seismitoad|94/100|[from] Stealth Rock
|move|p1a: Dracovish|Psychic Fangs|p2a: Seismitoad
|-damage|p2a: Seismitoad|72/100
|
|-heal|p2a: Seismitoad|78/100|[from] item: Leftovers
|upkeep
|turn|16
|-message|JulianKS forfeited.
|
|win|basfdbasdb
|l|☆JulianKS
|raw|JulianKS's rating: 1230 → 1199(-31 for losing)
|raw|basfdbasdb's rating: 1145 → 1176(+31 for winning)
