|ScrapeTime|2020-01-01-23:57:02
|j|☆Rikuasami
|j|☆jhyzy
|player|p1|Rikuasami|170|1168
|player|p2|jhyzy|1|1157
|teamsize|p1|6
|teamsize|p2|6
|gametype|singles
|gen|8
|tier|[Gen 8] OU
|rated|
|rule|Sleep Clause Mod: Limit one foe put to sleep
|rule|Species Clause: Limit one of each Pokémon
|rule|OHKO Clause: OHKO moves are banned
|rule|Evasion Moves Clause: Evasion moves are banned
|rule|Endless Battle Clause: Forcing endless battles is banned
|rule|HP Percentage Mod: HP is shown in percentages
|clearpoke
|poke|p1|Polteageist|
|poke|p1|Corsola-Galar, F|
|poke|p1|Excadrill, M|
|poke|p1|Mandibuzz, F|
|poke|p1|Dragapult, M|
|poke|p1|Rotom-Wash|
|poke|p2|Lucario, F|
|poke|p2|Dragapult, M|
|poke|p2|Toxtricity, F|
|poke|p2|Excadrill, F|
|poke|p2|Grimmsnarl, M|
|poke|p2|Cinderace, M|
|rule|Dynamax Clause: You cannot dynamax
|teampreview
|
|start
|switch|p1a: Rotom|Rotom-Wash|100/100
|switch|p2a: Cinderace|Cinderace, M|100/100
|turn|1
|
|move|p2a: Cinderace|Gunk Shot|p1a: Rotom
|-damage|p1a: Rotom|47/100
|-status|p1a: Rotom|psn
|move|p1a: Rotom|Trick|p2a: Cinderace
|-activate|p1a: Rotom|move: Trick|[of] p2a: Cinderace
|-item|p2a: Cinderace|Choice Specs|[from] move: Trick
|-item|p1a: Rotom|Heavy-Duty Boots|[from] move: Trick
|
|-damage|p1a: Rotom|35/100 psn|[from] psn
|upkeep
|turn|2
|
|switch|p1a: Excadrill|Excadrill, M|100/100
|-ability|p1a: Excadrill|Mold Breaker
|move|p2a: Cinderace|Gunk Shot|p1a: Excadrill
|-immune|p1a: Excadrill
|
|upkeep
|turn|3
|
|switch|p2a: Excadrill|Excadrill, F|100/100
|-ability|p2a: Excadrill|Mold Breaker
|move|p1a: Excadrill|Rapid Spin|p2a: Excadrill
|-resisted|p2a: Excadrill
|-damage|p2a: Excadrill|83/100
|-boost|p1a: Excadrill|spe|1
|-damage|p1a: Excadrill|91/100|[from] item: Life Orb
|
|upkeep
|turn|4
|l|☆Rikuasami
|player|p1|
|j|☆Rikuasami
|player|p1|Rikuasami|170
|inactive|Battle timer is ON: inactive players will automatically lose when time's up. (requested by jhyzy)
|
|move|p1a: Excadrill|Earthquake|p2a: Excadrill
|-supereffective|p2a: Excadrill
|-damage|p2a: Excadrill|0 fnt
|-damage|p1a: Excadrill|81/100|[from] item: Life Orb
|faint|p2a: Excadrill
|
|upkeep
|
|switch|p2a: Lucario|Lucario, F|100/100
|turn|5
|
|move|p1a: Excadrill|Earthquake|p2a: Lucario
|-supereffective|p2a: Lucario
|-damage|p2a: Lucario|0 fnt
|-damage|p1a: Excadrill|71/100|[from] item: Life Orb
|faint|p2a: Lucario
|
|upkeep
|
|switch|p2a: Dragapult|Dragapult, M|100/100
|turn|6
|
|move|p1a: Excadrill|Earthquake|p2a: Dragapult
|-damage|p2a: Dragapult|0 fnt
|-damage|p1a: Excadrill|61/100|[from] item: Life Orb
|faint|p2a: Dragapult
|
|upkeep
|-message|jhyzy forfeited.
|
|win|Rikuasami
|l|☆jhyzy
|raw|Rikuasami's rating: 1168 → 1192(+24 for winning)
|raw|jhyzy's rating: 1157 → 1133(-24 for losing)
