|ScrapeTime|2020-01-02-07:05:10
|j|☆Sho_lc
|j|☆DGreatDane
|player|p1|Sho_lc|marlon|1604
|player|p2|DGreatDane|162|1623
|teamsize|p1|6
|teamsize|p2|6
|gametype|singles
|gen|8
|tier|[Gen 8] OU
|rated|
|rule|Sleep Clause Mod: Limit one foe put to sleep
|rule|Species Clause: Limit one of each Pokémon
|rule|OHKO Clause: OHKO moves are banned
|rule|Evasion Moves Clause: Evasion moves are banned
|rule|Endless Battle Clause: Forcing endless battles is banned
|rule|HP Percentage Mod: HP is shown in percentages
|clearpoke
|poke|p1|Aegislash, F|
|poke|p1|Ferrothorn, F|
|poke|p1|Seismitoad, M|
|poke|p1|Mandibuzz, F|
|poke|p1|Toxtricity, M|
|poke|p1|Dragapult, F|
|poke|p2|Shuckle, M|
|poke|p2|Mimikyu, M|
|poke|p2|Obstagoon, F|
|poke|p2|Dragapult, M|
|poke|p2|Cloyster, M|
|poke|p2|Kommo-o, M|
|rule|Dynamax Clause: You cannot dynamax
|teampreview
|inactive|Battle timer is ON: inactive players will automatically lose when time's up. (requested by DGreatDane)
|j| Celtis Laddering
|c|☆DGreatDane|hf
|
|start
|switch|p1a: Ferrothorn|Ferrothorn, F|100/100
|switch|p2a: Obstagoon|Obstagoon, F|100/100
|turn|1
|
|switch|p2a: Shuckle|Shuckle, M|100/100
|move|p1a: Ferrothorn|Knock Off|p2a: Shuckle
|-damage|p2a: Shuckle|90/100
|-damage|p1a: Ferrothorn|84/100|[from] item: Rocky Helmet|[of] p2a: Shuckle
|-enditem|p2a: Shuckle|Rocky Helmet|[from] move: Knock Off|[of] p1a: Ferrothorn
|
|upkeep
|turn|2
|
|move|p1a: Ferrothorn|Spikes|p2a: Shuckle
|-sidestart|p2: DGreatDane|Spikes
|move|p2a: Shuckle|Stealth Rock|p1a: Ferrothorn
|-sidestart|p1: Sho_lc|move: Stealth Rock
|
|upkeep
|turn|3
|
|move|p1a: Ferrothorn|Spikes|p2a: Shuckle
|-sidestart|p2: DGreatDane|Spikes
|move|p2a: Shuckle|Sticky Web|p1a: Ferrothorn
|-sidestart|p1: Sho_lc|move: Sticky Web
|
|upkeep
|turn|4
|
|move|p1a: Ferrothorn|Spikes|p2a: Shuckle
|-sidestart|p2: DGreatDane|Spikes
|move|p2a: Shuckle|Encore|p1a: Ferrothorn
|-start|p1a: Ferrothorn|Encore
|
|upkeep
|turn|5
|
|switch|p1a: Dragapult|Dragapult, F|100/100
|-damage|p1a: Dragapult|88/100|[from] Stealth Rock
|-activate|p1a: Dragapult|move: Sticky Web
|-unboost|p1a: Dragapult|spe|1
|move|p2a: Shuckle|Final Gambit|p1a: Dragapult
|-immune|p1a: Dragapult
|
|upkeep
|turn|6
|
|move|p1a: Dragapult|Fire Blast|p2a: Shuckle
|-damage|p2a: Shuckle|67/100
|move|p2a: Shuckle|Encore|p1a: Dragapult
|-start|p1a: Dragapult|Encore
|
|upkeep
|turn|7
|
|switch|p1a: Aegislash|Aegislash, F|100/100
|-damage|p1a: Aegislash|94/100|[from] Stealth Rock
|-activate|p1a: Aegislash|move: Sticky Web
|-unboost|p1a: Aegislash|spe|1
|move|p2a: Shuckle|Final Gambit|p1a: Aegislash
|-immune|p1a: Aegislash
|
|upkeep
|turn|8
|
|-formechange|p1a: Aegislash|Aegislash-Blade||[from] ability: Stance Change
|move|p1a: Aegislash|Flash Cannon|p2a: Shuckle
|-supereffective|p2a: Shuckle
|-damage|p2a: Shuckle|0 fnt
|faint|p2a: Shuckle
|
|upkeep
|
|switch|p2a: Obstagoon|Obstagoon, F|100/100
|-damage|p2a: Obstagoon|76/100|[from] Spikes
|turn|9
|
|switch|p1a: Ferrothorn|Ferrothorn, F|84/100
|-activate|p1a: Ferrothorn|move: Sticky Web
|-unboost|p1a: Ferrothorn|spe|1
|-damage|p1a: Ferrothorn|78/100|[from] Stealth Rock
|move|p2a: Obstagoon|Obstruct||[still]
|-fail|p2a: Obstagoon
|
|-status|p2a: Obstagoon|brn|[from] item: Flame Orb
|upkeep
|turn|10
|
|move|p2a: Obstagoon|Close Combat|p1a: Ferrothorn
|-supereffective|p1a: Ferrothorn
|-damage|p1a: Ferrothorn|14/100
|-damage|p2a: Obstagoon|63/100 brn|[from] ability: Iron Barbs|[of] p1a: Ferrothorn
|-damage|p2a: Obstagoon|47/100 brn|[from] item: Rocky Helmet|[of] p1a: Ferrothorn
|-unboost|p2a: Obstagoon|def|1
|-unboost|p2a: Obstagoon|spd|1
|move|p1a: Ferrothorn|Leech Seed|p2a: Obstagoon
|-start|p2a: Obstagoon|move: Leech Seed
|
|-damage|p2a: Obstagoon|35/100 brn|[from] Leech Seed|[of] p1a: Ferrothorn
|-heal|p1a: Ferrothorn|26/100|[silent]
|-damage|p2a: Obstagoon|29/100 brn|[from] brn
|upkeep
|turn|11
|
|move|p2a: Obstagoon|Close Combat|p1a: Ferrothorn
|-supereffective|p1a: Ferrothorn
|-damage|p1a: Ferrothorn|0 fnt
|-damage|p2a: Obstagoon|16/100 brn|[from] ability: Iron Barbs|[of] p1a: Ferrothorn
|-damage|p2a: Obstagoon|0 fnt|[from] item: Rocky Helmet|[of] p1a: Ferrothorn
|faint|p1a: Ferrothorn
|faint|p2a: Obstagoon
|
|upkeep
|
|switch|p2a: Mimikyu|Mimikyu, M|100/100
|switch|p1a: Seismitoad|Seismitoad, M|100/100
|-damage|p2a: Mimikyu|76/100|[from] Spikes
|-damage|p1a: Seismitoad|94/100|[from] Stealth Rock
|-activate|p1a: Seismitoad|move: Sticky Web
|-unboost|p1a: Seismitoad|spe|1
|turn|12
|
|move|p2a: Mimikyu|Swords Dance|p2a: Mimikyu
|-boost|p2a: Mimikyu|atk|2
|move|p1a: Seismitoad|Toxic|p2a: Mimikyu
|-status|p2a: Mimikyu|tox
|
|-heal|p1a: Seismitoad|100/100|[from] item: Leftovers
|-damage|p2a: Mimikyu|70/100 tox|[from] psn
|upkeep
|turn|13
|
|move|p2a: Mimikyu|Swords Dance|p2a: Mimikyu
|-boost|p2a: Mimikyu|atk|2
|move|p1a: Seismitoad|Stealth Rock|p2a: Mimikyu
|-sidestart|p2: DGreatDane|move: Stealth Rock
|
|-damage|p2a: Mimikyu|58/100 tox|[from] psn
|upkeep
|turn|14
|
|move|p2a: Mimikyu|Play Rough|p1a: Seismitoad
|-damage|p1a: Seismitoad|0 fnt
|-damage|p2a: Mimikyu|48/100 tox|[from] item: Life Orb
|faint|p1a: Seismitoad
|
|-damage|p2a: Mimikyu|30/100 tox|[from] psn
|upkeep
|
|switch|p1a: Mandibuzz|Mandibuzz, F|100/100
|turn|15
|
|move|p2a: Mimikyu|Play Rough|p1a: Mandibuzz
|-supereffective|p1a: Mandibuzz
|-damage|p1a: Mandibuzz|0 fnt
|-damage|p2a: Mimikyu|20/100 tox|[from] item: Life Orb
|faint|p1a: Mandibuzz
|
|-damage|p2a: Mimikyu|0 fnt|[from] psn
|faint|p2a: Mimikyu
|upkeep
|inactive|Sho_lc has 120 seconds left.
|
|switch|p2a: Kommo-o|Kommo-o, M|100/100
|switch|p1a: Aegislash|Aegislash, F|94/100
|-damage|p2a: Kommo-o|76/100|[from] Spikes
|-damage|p2a: Kommo-o|70/100|[from] Stealth Rock
|-activate|p1a: Aegislash|move: Sticky Web
|-unboost|p1a: Aegislash|spe|1
|-damage|p1a: Aegislash|88/100|[from] Stealth Rock
|turn|16
|inactive|Sho_lc has 120 seconds left.
|
|move|p2a: Kommo-o|Earthquake|p1a: Aegislash
|-supereffective|p1a: Aegislash
|-damage|p1a: Aegislash|0 fnt
|-damage|p2a: Kommo-o|60/100|[from] item: Life Orb
|faint|p1a: Aegislash
|
|upkeep
|
|switch|p1a: Dragapult|Dragapult, F|88/100
|-activate|p1a: Dragapult|move: Sticky Web
|-unboost|p1a: Dragapult|spe|1
|-damage|p1a: Dragapult|76/100|[from] Stealth Rock
|turn|17
|
|move|p1a: Dragapult|Draco Meteor|p2a: Kommo-o
|-supereffective|p2a: Kommo-o
|-damage|p2a: Kommo-o|0 fnt
|-unboost|p1a: Dragapult|spa|2
|faint|p2a: Kommo-o
|
|upkeep
|
|switch|p2a: Dragapult|Dragapult, M|100/100
|-damage|p2a: Dragapult|76/100|[from] Spikes
|-damage|p2a: Dragapult|63/100|[from] Stealth Rock
|turn|18
|
|move|p2a: Dragapult|Dragon Darts|p1a: Dragapult
|-supereffective|p1a: Dragapult
|-damage|p1a: Dragapult|0 fnt
|-hitcount|p1a: Dragapult|1
|-damage|p2a: Dragapult|53/100|[from] item: Life Orb
|faint|p1a: Dragapult
|
|upkeep
|
|switch|p1a: Toxtricity|Toxtricity, M|100/100
|-damage|p1a: Toxtricity|88/100|[from] Stealth Rock
|-activate|p1a: Toxtricity|move: Sticky Web
|-unboost|p1a: Toxtricity|spe|1
|turn|19
|
|move|p2a: Dragapult|Dragon Darts|p1a: Toxtricity
|-damage|p1a: Toxtricity|48/100
|-damage|p1a: Toxtricity|7/100
|-hitcount|p1a: Toxtricity|2
|-damage|p2a: Dragapult|44/100|[from] item: Life Orb
|move|p1a: Toxtricity|Shift Gear|p1a: Toxtricity
|-boost|p1a: Toxtricity|spe|2
|-boost|p1a: Toxtricity|atk|1
|
|upkeep
|turn|20
|
|move|p2a: Dragapult|Sucker Punch|p1a: Toxtricity
|-damage|p1a: Toxtricity|0 fnt
|-damage|p2a: Dragapult|34/100|[from] item: Life Orb
|faint|p1a: Toxtricity
|
|win|DGreatDane
|c|☆DGreatDane|gg
|l|☆Sho_lc
|raw|Sho_lc's rating: 1604 → 1585(-19 for losing)
|raw|DGreatDane's rating: 1623 → 1642(+19 for winning)
|l| Celtis Laddering
