|ScrapeTime|2020-01-02-11:04:56
|j|☆ottomusprime
|j|☆CHARLIECHAPLINZZZ
|player|p1|ottomusprime|2|1106
|player|p2|CHARLIECHAPLINZZZ|gentleman-gen4dp|1133
|teamsize|p1|6
|teamsize|p2|6
|gametype|singles
|gen|8
|tier|[Gen 8] OU
|rated|
|rule|Sleep Clause Mod: Limit one foe put to sleep
|rule|Species Clause: Limit one of each Pokémon
|rule|OHKO Clause: OHKO moves are banned
|rule|Evasion Moves Clause: Evasion moves are banned
|rule|Endless Battle Clause: Forcing endless battles is banned
|rule|HP Percentage Mod: HP is shown in percentages
|clearpoke
|poke|p1|Corsola-Galar, F|
|poke|p1|Orbeetle, M|
|poke|p1|Polteageist|
|poke|p1|Grimmsnarl, M|
|poke|p1|Rotom-Heat|
|poke|p1|Dracovish|
|poke|p2|Dracovish|
|poke|p2|Toxtricity, M|
|poke|p2|Pelipper, F|
|poke|p2|Ferrothorn, M|
|poke|p2|Conkeldurr, M|
|poke|p2|Excadrill, F|
|rule|Dynamax Clause: You cannot dynamax
|teampreview
|c|☆CHARLIECHAPLINZZZ|Glhf
|c|☆ottomusprime|Fasho
|
|start
|switch|p1a: Dracovish|Dracovish|100/100
|switch|p2a: Excadrill|Excadrill, F|100/100
|-ability|p2a: Excadrill|Mold Breaker
|turn|1
|
|switch|p2a: Ferrothorn|Ferrothorn, M|100/100
|move|p1a: Dracovish|Fishious Rend|p2a: Ferrothorn
|-resisted|p2a: Ferrothorn
|-damage|p2a: Ferrothorn|60/100
|-damage|p1a: Dracovish|88/100|[from] ability: Iron Barbs|[of] p2a: Ferrothorn
|
|-heal|p2a: Ferrothorn|66/100|[from] item: Leftovers
|upkeep
|turn|2
|
|switch|p1a: Orbeetle|Orbeetle, M, shiny|100/100
|move|p2a: Ferrothorn|Leech Seed|p1a: Orbeetle
|-start|p1a: Orbeetle|move: Leech Seed
|
|-heal|p2a: Ferrothorn|72/100|[from] item: Leftovers
|-damage|p1a: Orbeetle|88/100|[from] Leech Seed|[of] p2a: Ferrothorn
|-heal|p2a: Ferrothorn|83/100|[silent]
|upkeep
|turn|3
|
|move|p1a: Orbeetle|Sticky Web|p2a: Ferrothorn
|-sidestart|p2: CHARLIECHAPLINZZZ|move: Sticky Web
|move|p2a: Ferrothorn|Spikes|p1a: Orbeetle
|-sidestart|p1: ottomusprime|Spikes
|
|-heal|p2a: Ferrothorn|90/100|[from] item: Leftovers
|-damage|p1a: Orbeetle|76/100|[from] Leech Seed|[of] p2a: Ferrothorn
|-heal|p2a: Ferrothorn|100/100|[silent]
|upkeep
|turn|4
|
|move|p1a: Orbeetle|Reflect|p1a: Orbeetle
|-sidestart|p1: ottomusprime|Reflect
|move|p2a: Ferrothorn|Spikes|p1a: Orbeetle
|-sidestart|p1: ottomusprime|Spikes
|
|-damage|p1a: Orbeetle|63/100|[from] Leech Seed|[of] p2a: Ferrothorn
|upkeep
|turn|5
|
|move|p1a: Orbeetle|Light Screen|p1a: Orbeetle
|-sidestart|p1: ottomusprime|move: Light Screen
|move|p2a: Ferrothorn|Spikes|p1a: Orbeetle
|-sidestart|p1: ottomusprime|Spikes
|
|-damage|p1a: Orbeetle|51/100|[from] Leech Seed|[of] p2a: Ferrothorn
|upkeep
|turn|6
|
|move|p1a: Orbeetle|U-turn|p2a: Ferrothorn
|-damage|p2a: Ferrothorn|93/100
|-damage|p1a: Orbeetle|39/100|[from] ability: Iron Barbs|[of] p2a: Ferrothorn
|
|switch|p1a: Rotom|Rotom-Heat|100/100|[from]move: U-turn
|move|p2a: Ferrothorn|Power Whip|p1a: Rotom
|-resisted|p1a: Rotom
|-damage|p1a: Rotom|88/100
|
|-heal|p2a: Ferrothorn|99/100|[from] item: Leftovers
|upkeep
|turn|7
|
|switch|p2a: Pelipper|Pelipper, F|100/100
|-weather|RainDance|[from] ability: Drizzle|[of] p2a: Pelipper
|move|p1a: Rotom|Trick|p2a: Pelipper
|-activate|p1a: Rotom|move: Trick|[of] p2a: Pelipper
|-item|p2a: Pelipper|Choice Scarf|[from] move: Trick
|-item|p1a: Rotom|Damp Rock|[from] move: Trick
|
|-weather|RainDance|[upkeep]
|upkeep
|turn|8
|
|move|p2a: Pelipper|U-turn|p1a: Rotom
|-resisted|p1a: Rotom
|-damage|p1a: Rotom|85/100
|
|switch|p2a: Excadrill|Excadrill, F|100/100|[from]move: U-turn
|-activate|p2a: Excadrill|move: Sticky Web
|-unboost|p2a: Excadrill|spe|1
|-ability|p2a: Excadrill|Mold Breaker
|move|p1a: Rotom|Thunder Wave|p2a: Excadrill
|-immune|p2a: Excadrill
|
|-weather|RainDance|[upkeep]
|upkeep
|turn|9
|
|move|p1a: Rotom|Overheat|p2a: Excadrill
|-supereffective|p2a: Excadrill
|-damage|p2a: Excadrill|22/100
|-unboost|p1a: Rotom|spa|2
|move|p2a: Excadrill|Rapid Spin|p1a: Rotom
|-damage|p1a: Rotom|73/100
|-sideend|p2: CHARLIECHAPLINZZZ|Sticky Web|[from] move: Rapid Spin|[of] p2a: Excadrill
|-boost|p2a: Excadrill|spe|1
|
|-weather|RainDance|[upkeep]
|upkeep
|turn|10
|
|move|p2a: Excadrill|Earthquake|p1a: Rotom
|-supereffective|p1a: Rotom
|-damage|p1a: Rotom|0 fnt
|faint|p1a: Rotom
|
|-weather|RainDance|[upkeep]
|upkeep
|
|switch|p1a: Dracovish|Dracovish|88/100
|-damage|p1a: Dracovish|63/100|[from] Spikes
|turn|11
|
|move|p2a: Excadrill|Stealth Rock|p1a: Dracovish
|-sidestart|p1: ottomusprime|move: Stealth Rock
|move|p1a: Dracovish|Fishious Rend|p2a: Excadrill
|-supereffective|p2a: Excadrill
|-damage|p2a: Excadrill|0 fnt
|faint|p2a: Excadrill
|
|-weather|RainDance|[upkeep]
|-sideend|p1: ottomusprime|Reflect
|upkeep
|
|switch|p2a: Ferrothorn|Ferrothorn, M|99/100
|turn|12
|
|move|p1a: Dracovish|Fishious Rend|p2a: Ferrothorn
|-resisted|p2a: Ferrothorn
|-damage|p2a: Ferrothorn|27/100
|-damage|p1a: Dracovish|51/100|[from] ability: Iron Barbs|[of] p2a: Ferrothorn
|move|p2a: Ferrothorn|Leech Seed|p1a: Dracovish
|-start|p1a: Dracovish|move: Leech Seed
|
|-weather|RainDance|[upkeep]
|-heal|p2a: Ferrothorn|33/100|[from] item: Leftovers
|-damage|p1a: Dracovish|38/100|[from] Leech Seed|[of] p2a: Ferrothorn
|-heal|p2a: Ferrothorn|44/100|[silent]
|-sideend|p1: ottomusprime|move: Light Screen
|upkeep
|turn|13
|
|move|p2a: Ferrothorn|Protect|p2a: Ferrothorn
|-singleturn|p2a: Ferrothorn|Protect
|move|p1a: Dracovish|Fishious Rend|p2a: Ferrothorn
|-activate|p2a: Ferrothorn|move: Protect
|
|-weather|RainDance|[upkeep]
|-heal|p2a: Ferrothorn|50/100|[from] item: Leftovers
|-damage|p1a: Dracovish|26/100|[from] Leech Seed|[of] p2a: Ferrothorn
|-heal|p2a: Ferrothorn|62/100|[silent]
|upkeep
|turn|14
|
|switch|p2a: Pelipper|Pelipper, F|100/100
|move|p1a: Dracovish|Fishious Rend|p2a: Pelipper
|-resisted|p2a: Pelipper
|-damage|p2a: Pelipper|13/100
|
|-weather|none
|-damage|p1a: Dracovish|13/100|[from] Leech Seed|[of] p2a: Pelipper
|-heal|p2a: Pelipper|25/100|[silent]
|upkeep
|turn|15
|
|move|p1a: Dracovish|Fishious Rend|p2a: Pelipper
|-resisted|p2a: Pelipper
|-damage|p2a: Pelipper|0 fnt
|faint|p2a: Pelipper
|
|upkeep
|
|switch|p2a: Conkeldurr|Conkeldurr, M|100/100
|turn|16
|
|switch|p1a: Polteageist|Polteageist, shiny|100/100
|-damage|p1a: Polteageist|88/100|[from] Stealth Rock
|-damage|p1a: Polteageist|63/100|[from] Spikes
|move|p2a: Conkeldurr|Mach Punch|p1a: Polteageist
|-immune|p1a: Polteageist
|
|-status|p2a: Conkeldurr|brn|[from] item: Flame Orb
|upkeep
|turn|17
|
|move|p1a: Polteageist|Shell Smash|p1a: Polteageist
|-unboost|p1a: Polteageist|def|1
|-unboost|p1a: Polteageist|spd|1
|-boost|p1a: Polteageist|atk|2
|-boost|p1a: Polteageist|spa|2
|-boost|p1a: Polteageist|spe|2
|move|p2a: Conkeldurr|Earthquake|p1a: Polteageist
|-damage|p1a: Polteageist|0 fnt
|faint|p1a: Polteageist
|
|-damage|p2a: Conkeldurr|94/100 brn|[from] brn
|upkeep
|
|switch|p1a: Corsola|Corsola-Galar, F, shiny|100/100
|-damage|p1a: Corsola|76/100|[from] Spikes
|-damage|p1a: Corsola|63/100|[from] Stealth Rock
|turn|18
|
|switch|p2a: Toxtricity|Toxtricity, M|100/100
|move|p1a: Corsola|Strength Sap|p2a: Toxtricity
|-unboost|p2a: Toxtricity|atk|1
|-heal|p1a: Corsola|100/100
|
|upkeep
|turn|19
|
|move|p2a: Toxtricity|Shift Gear|p2a: Toxtricity
|-boost|p2a: Toxtricity|spe|2
|-boost|p2a: Toxtricity|atk|1
|move|p1a: Corsola|Night Shade|p2a: Toxtricity
|-damage|p2a: Toxtricity|67/100
|
|upkeep
|turn|20
|
|move|p2a: Toxtricity|Overdrive|p1a: Corsola
|-damage|p1a: Corsola|64/100
|-enditem|p2a: Toxtricity|Throat Spray
|-boost|p2a: Toxtricity|spa|1
|move|p1a: Corsola|Haze|p1a: Corsola
|-clearallboost
|
|upkeep
|turn|21
|
|move|p2a: Toxtricity|Shift Gear|p2a: Toxtricity
|-boost|p2a: Toxtricity|spe|2
|-boost|p2a: Toxtricity|atk|1
|move|p1a: Corsola|Night Shade|p2a: Toxtricity
|-damage|p2a: Toxtricity|33/100
|
|upkeep
|turn|22
|
|move|p2a: Toxtricity|Overdrive|p1a: Corsola
|-damage|p1a: Corsola|28/100
|move|p1a: Corsola|Haze|p1a: Corsola
|-clearallboost
|
|upkeep
|turn|23
|
|move|p2a: Toxtricity|Overdrive|p1a: Corsola
|-damage|p1a: Corsola|0 fnt
|faint|p1a: Corsola
|
|upkeep
|
|switch|p1a: Dracovish|Dracovish|13/100
|-damage|p1a: Dracovish|0 fnt|[from] Spikes
|faint|p1a: Dracovish
|
|switch|p1a: Grimmsnarl|Grimmsnarl, M|100/100
|-damage|p1a: Grimmsnarl|88/100|[from] Stealth Rock
|-damage|p1a: Grimmsnarl|63/100|[from] Spikes
|turn|24
|
|move|p2a: Toxtricity|Sludge Wave|p1a: Grimmsnarl
|-supereffective|p1a: Grimmsnarl
|-damage|p1a: Grimmsnarl|0 fnt
|faint|p1a: Grimmsnarl
|
|upkeep
|-message|ottomusprime forfeited.
|
|win|CHARLIECHAPLINZZZ
|l|☆ottomusprime
|raw|ottomusprime's rating: 1106 → 1083(-23 for losing)
|raw|CHARLIECHAPLINZZZ's rating: 1133 → 1156(+23 for winning)
