|ScrapeTime|2020-01-01-23:55:37
|j|☆XLR87T3
|j|☆DDexterJones
|player|p1|XLR87T3|2|1069
|player|p2|DDexterJones|265|1097
|teamsize|p1|6
|teamsize|p2|6
|gametype|singles
|gen|8
|tier|[Gen 8] OU
|rated|
|rule|Sleep Clause Mod: Limit one foe put to sleep
|rule|Species Clause: Limit one of each Pokémon
|rule|OHKO Clause: OHKO moves are banned
|rule|Evasion Moves Clause: Evasion moves are banned
|rule|Endless Battle Clause: Forcing endless battles is banned
|rule|HP Percentage Mod: HP is shown in percentages
|clearpoke
|poke|p1|Cursola, F|
|poke|p1|Appletun, F|
|poke|p1|Cinderace, F|
|poke|p1|Machamp, M|
|poke|p1|Grimmsnarl, M|
|poke|p1|Hatterene, F|
|poke|p2|Aegislash, F|
|poke|p2|Cinderace, M|
|poke|p2|Toxtricity, M|
|poke|p2|Conkeldurr, M|
|poke|p2|Bisharp, M|
|poke|p2|Mandibuzz, F|
|rule|Dynamax Clause: You cannot dynamax
|teampreview
|inactive|Battle timer is ON: inactive players will automatically lose when time's up. (requested by XLR87T3)
|
|start
|switch|p1a: Machamp|Machamp, M|100/100
|switch|p2a: Toxtricity|Toxtricity, M|100/100
|turn|1
|inactive|XLR87T3 has 120 seconds left.
|
|move|p2a: Toxtricity|Volt Switch|p1a: Machamp
|-damage|p1a: Machamp|41/100
|
|switch|p2a: Mandibuzz|Mandibuzz, F|100/100|[from]move: Volt Switch
|move|p1a: Machamp|Earthquake|p2a: Mandibuzz
|-immune|p2a: Mandibuzz
|
|-heal|p1a: Machamp|47/100|[from] item: Leftovers
|upkeep
|turn|2
|
|move|p1a: Machamp|Knock Off|p2a: Mandibuzz
|-resisted|p2a: Mandibuzz
|-damage|p2a: Mandibuzz|86/100
|-enditem|p2a: Mandibuzz|Heavy-Duty Boots|[from] move: Knock Off|[of] p1a: Machamp
|move|p2a: Mandibuzz|Knock Off|p1a: Machamp
|-resisted|p1a: Machamp
|-crit|p1a: Machamp
|-damage|p1a: Machamp|25/100
|-enditem|p1a: Machamp|Leftovers|[from] move: Knock Off|[of] p2a: Mandibuzz
|
|upkeep
|turn|3
|
|move|p1a: Machamp|Dynamic Punch|p2a: Mandibuzz
|-damage|p2a: Mandibuzz|39/100
|-start|p2a: Mandibuzz|confusion
|-activate|p2a: Mandibuzz|confusion
|-damage|p2a: Mandibuzz|35/100|[from] confusion
|
|upkeep
|turn|4
|
|switch|p2a: Aegislash|Aegislash, F|100/100
|move|p1a: Machamp|Dynamic Punch|p2a: Aegislash
|-immune|p2a: Aegislash
|
|upkeep
|turn|5
|
|move|p2a: Aegislash|King's Shield|p2a: Aegislash
|-singleturn|p2a: Aegislash|Protect
|move|p1a: Machamp|Knock Off|p2a: Aegislash
|-activate|p2a: Aegislash|move: Protect
|-unboost|p1a: Machamp|atk|1
|
|upkeep
|turn|6
|
|switch|p1a: Cinderace|Cinderace, F|100/100
|switch|p2a: Mandibuzz|Mandibuzz, F|35/100
|
|upkeep
|turn|7
|
|move|p1a: Cinderace|Pyro Ball|p2a: Mandibuzz|[miss]
|-miss|p1a: Cinderace|p2a: Mandibuzz
|move|p2a: Mandibuzz|Roost|p2a: Mandibuzz
|-heal|p2a: Mandibuzz|85/100
|-singleturn|p2a: Mandibuzz|move: Roost
|
|upkeep
|turn|8
|
|move|p1a: Cinderace|Pyro Ball|p2a: Mandibuzz
|-damage|p2a: Mandibuzz|29/100
|-damage|p1a: Cinderace|91/100|[from] item: Life Orb
|move|p2a: Mandibuzz|Knock Off|p1a: Cinderace
|-damage|p1a: Cinderace|57/100
|-enditem|p1a: Cinderace|Life Orb|[from] move: Knock Off|[of] p2a: Mandibuzz
|
|upkeep
|turn|9
|inactive|XLR87T3 has 120 seconds left.
|
|move|p1a: Cinderace|Pyro Ball|p2a: Mandibuzz
|-crit|p2a: Mandibuzz
|-damage|p2a: Mandibuzz|0 fnt
|faint|p2a: Mandibuzz
|
|upkeep
|
|switch|p2a: Toxtricity|Toxtricity, M|100/100
|turn|10
|
|move|p1a: Cinderace|U-turn|p2a: Toxtricity
|-resisted|p2a: Toxtricity
|-damage|p2a: Toxtricity|84/100
|
|switch|p1a: Machamp|Machamp, M|25/100|[from]move: U-turn
|move|p2a: Toxtricity|Volt Switch|p1a: Machamp
|-damage|p1a: Machamp|0 fnt
|faint|p1a: Machamp
|
|switch|p2a: Bisharp|Bisharp, M|100/100|[from]move: Volt Switch
|
|upkeep
|inactive|XLR87T3 has 120 seconds left.
|
|switch|p1a: Cinderace|Cinderace, F|57/100
|turn|11
|
|move|p2a: Bisharp|Sucker Punch|p1a: Cinderace
|-damage|p1a: Cinderace|0 fnt
|faint|p1a: Cinderace
|
|upkeep
|inactive|XLR87T3 has 90 seconds left.
|
|switch|p1a: Appletun|Appletun, F|100/100
|turn|12
|
|move|p2a: Bisharp|Swords Dance|p2a: Bisharp
|-boost|p2a: Bisharp|atk|2
|move|p1a: Appletun|Apple Acid|p2a: Bisharp
|-resisted|p2a: Bisharp
|-damage|p2a: Bisharp|76/100
|-unboost|p2a: Bisharp|spd|1
|-ability|p2a: Bisharp|Defiant
|-boost|p2a: Bisharp|atk|2
|
|upkeep
|turn|13
|inactive|XLR87T3 has 90 seconds left.
|
|move|p2a: Bisharp|Iron Head|p1a: Appletun
|-damage|p1a: Appletun|0 fnt
|faint|p1a: Appletun
|
|upkeep
|inactive|XLR87T3 has 90 seconds left.
|
|switch|p1a: Grimmsnarl|Grimmsnarl, M|100/100
|turn|14
|
|move|p2a: Bisharp|Iron Head|p1a: Grimmsnarl
|-supereffective|p1a: Grimmsnarl
|-damage|p1a: Grimmsnarl|0 fnt
|faint|p1a: Grimmsnarl
|
|upkeep
|
|switch|p1a: Cursola|Cursola, F|100/100
|turn|15
|
|move|p2a: Bisharp|Throat Chop|p1a: Cursola
|-supereffective|p1a: Cursola
|-damage|p1a: Cursola|0 fnt
|-ability|p1a: Cursola|Perish Body
|-start|p1a: Cursola|perish3
|-start|p2a: Bisharp|perish3
|faint|p1a: Cursola
|
|-start|p2a: Bisharp|perish3
|upkeep
|
|switch|p1a: Hatterene|Hatterene, F|100/100
|turn|16
|
|move|p2a: Bisharp|Iron Head|p1a: Hatterene
|-supereffective|p1a: Hatterene
|-crit|p1a: Hatterene
|-damage|p1a: Hatterene|0 fnt
|faint|p1a: Hatterene
|
|win|DDexterJones
|raw|XLR87T3's rating: 1069 → 1050(-19 for losing)
|raw|DDexterJones's rating: 1097 → 1121(+24 for winning)
|l|☆DDexterJones
