|ScrapeTime|2020-01-01-19:01:15
|j|☆Yeangel13
|j|☆Finh
|player|p1|Yeangel13|nate|1241
|player|p2|Finh|169|1276
|teamsize|p1|6
|teamsize|p2|6
|gametype|singles
|gen|8
|tier|[Gen 8] OU
|rated|
|rule|Sleep Clause Mod: Limit one foe put to sleep
|rule|Species Clause: Limit one of each Pokémon
|rule|OHKO Clause: OHKO moves are banned
|rule|Evasion Moves Clause: Evasion moves are banned
|rule|Endless Battle Clause: Forcing endless battles is banned
|rule|HP Percentage Mod: HP is shown in percentages
|clearpoke
|poke|p1|Clefable, M|
|poke|p1|Corviknight, M|
|poke|p1|Dracovish|
|poke|p1|Gengar, M|
|poke|p1|Snorlax, M|
|poke|p1|Hydreigon, F|
|poke|p2|Tyranitar, M|
|poke|p2|Cinderace, F|
|poke|p2|Corsola-Galar, F|
|poke|p2|Dracozolt|
|poke|p2|Mr. Mime-Galar, M|
|poke|p2|Obstagoon, F|
|rule|Dynamax Clause: You cannot dynamax
|teampreview
|inactive|Battle timer is ON: inactive players will automatically lose when time's up. (requested by Yeangel13)
|
|start
|switch|p1a: Snorlax|Snorlax, M|100/100
|switch|p2a: Mr. Mime|Mr. Mime-Galar, M|100/100
|turn|1
|
|switch|p2a: Obstagoon|Obstagoon, F|100/100
|move|p1a: Snorlax|Heavy Slam|p2a: Obstagoon
|-damage|p2a: Obstagoon|58/100
|
|-status|p2a: Obstagoon|brn|[from] item: Flame Orb
|upkeep
|turn|2
|
|move|p2a: Obstagoon|Knock Off|p1a: Snorlax
|-damage|p1a: Snorlax|45/100
|-enditem|p1a: Snorlax|Leftovers|[from] move: Knock Off|[of] p2a: Obstagoon
|move|p1a: Snorlax|Heavy Slam|p2a: Obstagoon
|-damage|p2a: Obstagoon|13/100 brn
|
|-damage|p2a: Obstagoon|7/100 brn|[from] brn
|upkeep
|turn|3
|
|switch|p1a: Gengar|Gengar, M|100/100
|move|p2a: Obstagoon|Facade|p1a: Gengar
|-immune|p1a: Gengar
|
|-damage|p2a: Obstagoon|1/100 brn|[from] brn
|upkeep
|turn|4
|
|move|p1a: Gengar|Metronome|p1a: Gengar
|move|p1a: Gengar|Aromatherapy||[from]Metronome|[still]
|-activate|p1a: Gengar|move: Aromatherapy
|-fail|p1a: Gengar
|move|p2a: Obstagoon|Knock Off|p1a: Gengar
|-supereffective|p1a: Gengar
|-damage|p1a: Gengar|0 fnt
|-start|p2a: Obstagoon|Disable|Knock Off|[from] ability: Cursed Body|[of] p1a: Gengar
|-enditem|p1a: Gengar|Choice Specs|[from] move: Knock Off|[of] p2a: Obstagoon
|faint|p1a: Gengar
|
|-damage|p2a: Obstagoon|0 fnt|[from] brn
|faint|p2a: Obstagoon
|upkeep
|
|switch|p1a: Dracovish|Dracovish|100/100
|switch|p2a: Dracozolt|Dracozolt|100/100
|turn|5
|
|move|p1a: Dracovish|Earthquake|p2a: Dracozolt
|-supereffective|p2a: Dracozolt
|-damage|p2a: Dracozolt|38/100
|move|p2a: Dracozolt|Substitute|p2a: Dracozolt
|-start|p2a: Dracozolt|Substitute
|-damage|p2a: Dracozolt|13/100
|
|upkeep
|turn|6
|
|move|p1a: Dracovish|Earthquake|p2a: Dracozolt
|-supereffective|p2a: Dracozolt
|-end|p2a: Dracozolt|Substitute
|move|p2a: Dracozolt|Bolt Beak|p1a: Dracovish
|-damage|p1a: Dracovish|31/100
|
|upkeep
|turn|7
|
|move|p1a: Dracovish|Earthquake|p2a: Dracozolt
|-supereffective|p2a: Dracozolt
|-damage|p2a: Dracozolt|0 fnt
|faint|p2a: Dracozolt
|
|upkeep
|
|switch|p2a: Mr. Mime|Mr. Mime-Galar, M|100/100
|turn|8
|
|switch|p1a: Snorlax|Snorlax, M|45/100
|move|p2a: Mr. Mime|Freeze-Dry|p1a: Snorlax
|-damage|p1a: Snorlax|26/100
|
|upkeep
|turn|9
|
|switch|p2a: Cinderace|Cinderace, F|100/100
|move|p1a: Snorlax|Darkest Lariat|p2a: Cinderace
|-damage|p2a: Cinderace|59/100
|
|upkeep
|turn|10
|
|move|p2a: Cinderace|High Jump Kick|p1a: Snorlax
|-supereffective|p1a: Snorlax
|-damage|p1a: Snorlax|0 fnt
|faint|p1a: Snorlax
|
|upkeep
|
|switch|p1a: Dracovish|Dracovish|31/100
|turn|11
|
|move|p1a: Dracovish|Fishious Rend|p2a: Cinderace
|-supereffective|p2a: Cinderace
|-damage|p2a: Cinderace|0 fnt
|faint|p2a: Cinderace
|
|upkeep
|
|switch|p2a: Mr. Mime|Mr. Mime-Galar, M|100/100
|turn|12
|
|move|p2a: Mr. Mime|Freeze-Dry|p1a: Dracovish
|-supereffective|p1a: Dracovish
|-damage|p1a: Dracovish|0 fnt
|faint|p1a: Dracovish
|
|upkeep
|
|switch|p1a: Hydreigon|Hydreigon, F|100/100
|turn|13
|
|move|p2a: Mr. Mime|Freeze-Dry|p1a: Hydreigon
|-supereffective|p1a: Hydreigon
|-damage|p1a: Hydreigon|36/100
|move|p1a: Hydreigon|Flash Cannon|p2a: Mr. Mime
|-supereffective|p2a: Mr. Mime
|-damage|p2a: Mr. Mime|20/100
|
|upkeep
|turn|14
|
|switch|p1a: Clefable|Clefable, M|100/100
|move|p2a: Mr. Mime|Freeze-Dry|p1a: Clefable
|-damage|p1a: Clefable|72/100
|-status|p1a: Clefable|frz
|
|upkeep
|turn|15
|
|move|p2a: Mr. Mime|Freeze-Dry|p1a: Clefable
|-damage|p1a: Clefable|44/100 frz
|cant|p1a: Clefable|frz
|
|upkeep
|turn|16
|
|move|p2a: Mr. Mime|Freeze-Dry|p1a: Clefable
|-damage|p1a: Clefable|14/100 frz
|cant|p1a: Clefable|frz
|
|upkeep
|turn|17
|
|move|p2a: Mr. Mime|Freeze-Dry|p1a: Clefable
|-damage|p1a: Clefable|0 fnt
|faint|p1a: Clefable
|
|upkeep
|
|switch|p1a: Corviknight|Corviknight, M|100/100
|-ability|p1a: Corviknight|Pressure
|turn|18
|
|move|p2a: Mr. Mime|Freeze-Dry|p1a: Corviknight
|-damage|p1a: Corviknight|74/100
|move|p1a: Corviknight|Bulk Up|p1a: Corviknight
|-boost|p1a: Corviknight|atk|1
|-boost|p1a: Corviknight|def|1
|
|-heal|p1a: Corviknight|80/100|[from] item: Leftovers
|upkeep
|turn|19
|
|move|p2a: Mr. Mime|Freeze-Dry|p1a: Corviknight
|-damage|p1a: Corviknight|51/100
|-status|p1a: Corviknight|frz
|cant|p1a: Corviknight|frz
|
|-heal|p1a: Corviknight|57/100 frz|[from] item: Leftovers
|upkeep
|turn|20
|
|move|p2a: Mr. Mime|Freeze-Dry|p1a: Corviknight
|-damage|p1a: Corviknight|28/100 frz
|cant|p1a: Corviknight|frz
|
|-heal|p1a: Corviknight|34/100 frz|[from] item: Leftovers
|upkeep
|turn|21
|
|move|p2a: Mr. Mime|Freeze-Dry|p1a: Corviknight
|-damage|p1a: Corviknight|7/100 frz
|cant|p1a: Corviknight|frz
|
|-heal|p1a: Corviknight|13/100 frz|[from] item: Leftovers
|upkeep
|turn|22
|
|move|p2a: Mr. Mime|Freeze-Dry|p1a: Corviknight
|-crit|p1a: Corviknight
|-damage|p1a: Corviknight|0 fnt
|faint|p1a: Corviknight
|
|upkeep
|
|switch|p1a: Hydreigon|Hydreigon, F|36/100
|turn|23
|
|move|p2a: Mr. Mime|Freeze-Dry|p1a: Hydreigon
|-supereffective|p1a: Hydreigon
|-damage|p1a: Hydreigon|0 fnt
|faint|p1a: Hydreigon
|
|win|Finh
|l|☆Yeangel13
