|ScrapeTime|2020-01-01-17:56:34
|j|☆PrivateGirs
|j|☆argoms
|player|p1|PrivateGirs|165|1436
|player|p2|argoms|54|1455
|teamsize|p1|6
|teamsize|p2|6
|gametype|singles
|gen|8
|tier|[Gen 8] OU
|rated|
|rule|Sleep Clause Mod: Limit one foe put to sleep
|rule|Species Clause: Limit one of each Pokémon
|rule|OHKO Clause: OHKO moves are banned
|rule|Evasion Moves Clause: Evasion moves are banned
|rule|Endless Battle Clause: Forcing endless battles is banned
|rule|HP Percentage Mod: HP is shown in percentages
|clearpoke
|poke|p1|Hydreigon, M|
|poke|p1|Grimmsnarl, M|
|poke|p1|Corviknight, M|
|poke|p1|Corsola-Galar, F|
|poke|p1|Seismitoad, M|
|poke|p1|Drapion, F|
|poke|p2|Dragapult, M|
|poke|p2|Ferrothorn, F|
|poke|p2|Clefable, M|
|poke|p2|Cinderace, M|
|poke|p2|Rotom-Wash|
|poke|p2|Centiskorch, F|
|rule|Dynamax Clause: You cannot dynamax
|teampreview
|inactive|Battle timer is ON: inactive players will automatically lose when time's up. (requested by PrivateGirs)
|
|start
|switch|p1a: Drapion|Drapion, F|100/100
|switch|p2a: Dragapult|Dragapult, M|100/100
|turn|1
|
|move|p2a: Dragapult|U-turn|p1a: Drapion
|-damage|p1a: Drapion|83/100
|
|switch|p2a: Ferrothorn|Ferrothorn, F|100/100|[from]move: U-turn
|move|p1a: Drapion|Knock Off|p2a: Ferrothorn
|-damage|p2a: Ferrothorn|77/100
|-damage|p1a: Drapion|71/100|[from] ability: Iron Barbs|[of] p2a: Ferrothorn
|-enditem|p2a: Ferrothorn|Leftovers|[from] move: Knock Off|[of] p1a: Drapion
|
|upkeep
|turn|2
|
|switch|p1a: Corviknight|Corviknight, M|100/100
|-ability|p1a: Corviknight|Pressure
|move|p2a: Ferrothorn|Leech Seed|p1a: Corviknight
|-start|p1a: Corviknight|move: Leech Seed
|
|-damage|p1a: Corviknight|88/100|[from] Leech Seed|[of] p2a: Ferrothorn
|-heal|p2a: Ferrothorn|91/100|[silent]
|upkeep
|turn|3
|
|switch|p1a: Hydreigon|Hydreigon, M|100/100
|move|p2a: Ferrothorn|Knock Off|p1a: Hydreigon
|-resisted|p1a: Hydreigon
|-damage|p1a: Hydreigon|89/100
|-enditem|p1a: Hydreigon|Choice Scarf|[from] move: Knock Off|[of] p2a: Ferrothorn
|
|upkeep
|turn|4
|
|switch|p2a: Centiskorch|Centiskorch, F|100/100
|move|p1a: Hydreigon|Flamethrower|p2a: Centiskorch
|-start|p2a: Centiskorch|ability: Flash Fire
|
|upkeep
|turn|5
|
|move|p1a: Hydreigon|Draco Meteor|p2a: Centiskorch
|-damage|p2a: Centiskorch|35/100
|-unboost|p1a: Hydreigon|spa|2
|move|p2a: Centiskorch|Power Whip|p1a: Hydreigon
|-resisted|p1a: Hydreigon
|-damage|p1a: Hydreigon|64/100
|
|upkeep
|turn|6
|
|-end|p2a: Centiskorch|ability: Flash Fire|[silent]
|switch|p2a: Clefable|Clefable, M|100/100
|move|p1a: Hydreigon|U-turn|p2a: Clefable
|-resisted|p2a: Clefable
|-damage|p2a: Clefable|93/100
|
|switch|p1a: Drapion|Drapion, F|71/100|[from]move: U-turn
|
|upkeep
|turn|7
|
|switch|p1a: Seismitoad|Seismitoad, M|100/100
|switch|p2a: Ferrothorn|Ferrothorn, F|91/100
|
|upkeep
|turn|8
|
|move|p1a: Seismitoad|Stealth Rock|p2a: Ferrothorn
|-sidestart|p2: argoms|move: Stealth Rock
|move|p2a: Ferrothorn|Leech Seed|p1a: Seismitoad
|-start|p1a: Seismitoad|move: Leech Seed
|
|-damage|p1a: Seismitoad|88/100|[from] Leech Seed|[of] p2a: Ferrothorn
|-heal|p2a: Ferrothorn|100/100|[silent]
|upkeep
|turn|9
|
|switch|p1a: Hydreigon|Hydreigon, M|64/100
|move|p2a: Ferrothorn|Toxic|p1a: Hydreigon
|-status|p1a: Hydreigon|tox
|
|-damage|p1a: Hydreigon|58/100 tox|[from] psn
|upkeep
|turn|10
|
|switch|p2a: Centiskorch|Centiskorch, F|35/100
|move|p1a: Hydreigon|Flamethrower|p2a: Centiskorch
|-start|p2a: Centiskorch|ability: Flash Fire
|
|-damage|p1a: Hydreigon|46/100 tox|[from] psn
|upkeep
|turn|11
|
|-end|p2a: Centiskorch|ability: Flash Fire|[silent]
|switch|p2a: Clefable|Clefable, M|93/100
|move|p1a: Hydreigon|Dark Pulse|p2a: Clefable
|-resisted|p2a: Clefable
|-damage|p2a: Clefable|73/100
|
|-damage|p1a: Hydreigon|27/100 tox|[from] psn
|upkeep
|turn|12
|
|move|p1a: Hydreigon|U-turn|p2a: Clefable
|-resisted|p2a: Clefable
|-damage|p2a: Clefable|65/100
|
|switch|p1a: Corviknight|Corviknight, M|88/100|[from]move: U-turn
|-ability|p1a: Corviknight|Pressure
|move|p2a: Clefable|Moonlight|p2a: Clefable
|-heal|p2a: Clefable|100/100
|
|-heal|p1a: Corviknight|94/100|[from] item: Leftovers
|upkeep
|turn|13
|
|switch|p2a: Ferrothorn|Ferrothorn, F|100/100
|-damage|p2a: Ferrothorn|94/100|[from] Stealth Rock
|move|p1a: Corviknight|Brave Bird|p2a: Ferrothorn
|-damage|p2a: Ferrothorn|74/100
|-damage|p1a: Corviknight|82/100|[from] ability: Iron Barbs|[of] p2a: Ferrothorn
|-damage|p1a: Corviknight|76/100|[from] Recoil
|
|-heal|p1a: Corviknight|82/100|[from] item: Leftovers
|upkeep
|turn|14
|
|move|p1a: Corviknight|Substitute|p1a: Corviknight
|-start|p1a: Corviknight|Substitute
|-damage|p1a: Corviknight|57/100
|move|p2a: Ferrothorn|Leech Seed||[still]
|-fail|p2a: Ferrothorn
|
|-heal|p1a: Corviknight|63/100|[from] item: Leftovers
|upkeep
|turn|15
|
|switch|p2a: Rotom|Rotom-Wash|100/100
|-damage|p2a: Rotom|88/100|[from] Stealth Rock
|move|p1a: Corviknight|Bulk Up|p1a: Corviknight
|-boost|p1a: Corviknight|atk|1
|-boost|p1a: Corviknight|def|1
|
|-heal|p1a: Corviknight|69/100|[from] item: Leftovers
|upkeep
|turn|16
|
|move|p2a: Rotom|Volt Switch|p1a: Corviknight
|-supereffective|p1a: Corviknight
|-end|p1a: Corviknight|Substitute
|
|switch|p2a: Dragapult|Dragapult, M|100/100|[from]move: Volt Switch
|-damage|p2a: Dragapult|88/100|[from] Stealth Rock
|move|p1a: Corviknight|Brave Bird|p2a: Dragapult
|-damage|p2a: Dragapult|9/100
|-damage|p1a: Corviknight|48/100|[from] Recoil
|
|-heal|p1a: Corviknight|54/100|[from] item: Leftovers
|upkeep
|turn|17
|
|move|p2a: Dragapult|Fire Blast|p1a: Corviknight
|-supereffective|p1a: Corviknight
|-damage|p1a: Corviknight|11/100
|-status|p1a: Corviknight|brn
|move|p1a: Corviknight|Roost|p1a: Corviknight
|-heal|p1a: Corviknight|61/100 brn
|-singleturn|p1a: Corviknight|move: Roost
|
|-heal|p1a: Corviknight|67/100 brn|[from] item: Leftovers
|-damage|p1a: Corviknight|61/100 brn|[from] brn
|upkeep
|turn|18
|
|switch|p2a: Rotom|Rotom-Wash|88/100
|-damage|p2a: Rotom|76/100|[from] Stealth Rock
|move|p1a: Corviknight|Roost|p1a: Corviknight
|-heal|p1a: Corviknight|100/100 brn
|-singleturn|p1a: Corviknight|move: Roost
|
|-damage|p1a: Corviknight|94/100 brn|[from] brn
|upkeep
|turn|19
|
|switch|p1a: Seismitoad|Seismitoad, M|88/100
|move|p2a: Rotom|Trick|p1a: Seismitoad
|-activate|p2a: Rotom|move: Trick|[of] p1a: Seismitoad
|-item|p1a: Seismitoad|Choice Scarf|[from] move: Trick
|-item|p2a: Rotom|Leftovers|[from] move: Trick
|
|-heal|p2a: Rotom|82/100|[from] item: Leftovers
|upkeep
|turn|20
|
|switch|p2a: Ferrothorn|Ferrothorn, F|74/100
|-damage|p2a: Ferrothorn|67/100|[from] Stealth Rock
|move|p1a: Seismitoad|Toxic|p2a: Ferrothorn
|-immune|p2a: Ferrothorn
|
|upkeep
|turn|21
|
|switch|p1a: Hydreigon|Hydreigon, M|27/100 tox
|move|p2a: Ferrothorn|Leech Seed|p1a: Hydreigon|[miss]
|-miss|p2a: Ferrothorn|p1a: Hydreigon
|
|-damage|p1a: Hydreigon|21/100 tox|[from] psn
|upkeep
|turn|22
|
|move|p1a: Hydreigon|Dark Pulse|p2a: Ferrothorn
|-damage|p2a: Ferrothorn|30/100
|move|p2a: Ferrothorn|Leech Seed|p1a: Hydreigon
|-start|p1a: Hydreigon|move: Leech Seed
|
|-damage|p1a: Hydreigon|9/100 tox|[from] Leech Seed|[of] p2a: Ferrothorn
|-heal|p2a: Ferrothorn|41/100|[silent]
|-damage|p1a: Hydreigon|0 fnt|[from] psn
|faint|p1a: Hydreigon
|upkeep
|
|switch|p1a: Grimmsnarl|Grimmsnarl, M|100/100
|turn|23
|
|move|p1a: Grimmsnarl|Substitute|p1a: Grimmsnarl
|-start|p1a: Grimmsnarl|Substitute
|-damage|p1a: Grimmsnarl|76/100
|move|p2a: Ferrothorn|Toxic||[still]
|-fail|p2a: Ferrothorn
|
|-heal|p1a: Grimmsnarl|82/100|[from] item: Leftovers
|upkeep
|turn|24
|
|switch|p2a: Rotom|Rotom-Wash|82/100
|-damage|p2a: Rotom|69/100|[from] Stealth Rock
|move|p1a: Grimmsnarl|Bulk Up|p1a: Grimmsnarl
|-boost|p1a: Grimmsnarl|atk|1
|-boost|p1a: Grimmsnarl|def|1
|
|-heal|p2a: Rotom|76/100|[from] item: Leftovers
|-heal|p1a: Grimmsnarl|88/100|[from] item: Leftovers
|upkeep
|turn|25
|
|move|p2a: Rotom|Hydro Pump|p1a: Grimmsnarl
|-end|p1a: Grimmsnarl|Substitute
|move|p1a: Grimmsnarl|Darkest Lariat|p2a: Rotom
|-damage|p2a: Rotom|0 fnt
|faint|p2a: Rotom
|
|-heal|p1a: Grimmsnarl|94/100|[from] item: Leftovers
|upkeep
|
|switch|p2a: Clefable|Clefable, M|100/100
|turn|26
|
|move|p1a: Grimmsnarl|Substitute|p1a: Grimmsnarl
|-start|p1a: Grimmsnarl|Substitute
|-damage|p1a: Grimmsnarl|69/100
|move|p2a: Clefable|Moonblast|p1a: Grimmsnarl
|-supereffective|p1a: Grimmsnarl
|-end|p1a: Grimmsnarl|Substitute
|
|-heal|p1a: Grimmsnarl|75/100|[from] item: Leftovers
|upkeep
|turn|27
|
|switch|p1a: Corviknight|Corviknight, M|94/100 brn
|-ability|p1a: Corviknight|Pressure
|move|p2a: Clefable|Moonblast|p1a: Corviknight
|-resisted|p1a: Corviknight
|-crit|p1a: Corviknight
|-damage|p1a: Corviknight|67/100 brn
|-unboost|p1a: Corviknight|spa|1
|
|-heal|p1a: Corviknight|73/100 brn|[from] item: Leftovers
|-damage|p1a: Corviknight|67/100 brn|[from] brn
|upkeep
|turn|28
|
|switch|p2a: Ferrothorn|Ferrothorn, F|41/100
|-damage|p2a: Ferrothorn|35/100|[from] Stealth Rock
|move|p1a: Corviknight|Brave Bird|p2a: Ferrothorn
|-damage|p2a: Ferrothorn|24/100
|-damage|p1a: Corviknight|55/100 brn|[from] ability: Iron Barbs|[of] p2a: Ferrothorn
|-damage|p1a: Corviknight|52/100 brn|[from] Recoil
|
|-heal|p1a: Corviknight|58/100 brn|[from] item: Leftovers
|-damage|p1a: Corviknight|52/100 brn|[from] brn
|upkeep
|turn|29
|
|move|p1a: Corviknight|Substitute|p1a: Corviknight
|-start|p1a: Corviknight|Substitute
|-damage|p1a: Corviknight|27/100 brn
|move|p2a: Ferrothorn|Leech Seed||[still]
|-fail|p2a: Ferrothorn
|
|-heal|p1a: Corviknight|33/100 brn|[from] item: Leftovers
|-damage|p1a: Corviknight|27/100 brn|[from] brn
|upkeep
|turn|30
|
|switch|p2a: Cinderace|Cinderace, M|100/100
|move|p1a: Corviknight|Roost|p1a: Corviknight
|-heal|p1a: Corviknight|77/100 brn
|-singleturn|p1a: Corviknight|move: Roost
|
|-heal|p1a: Corviknight|83/100 brn|[from] item: Leftovers
|-damage|p1a: Corviknight|77/100 brn|[from] brn
|upkeep
|turn|31
|
|move|p2a: Cinderace|Pyro Ball|p1a: Corviknight
|-supereffective|p1a: Corviknight
|-end|p1a: Corviknight|Substitute
|move|p1a: Corviknight|Brave Bird|p2a: Cinderace
|-damage|p2a: Cinderace|73/100
|-damage|p1a: Corviknight|70/100 brn|[from] Recoil
|
|-heal|p1a: Corviknight|76/100 brn|[from] item: Leftovers
|-damage|p1a: Corviknight|70/100 brn|[from] brn
|upkeep
|turn|32
|
|switch|p1a: Seismitoad|Seismitoad, M|88/100
|move|p2a: Cinderace|Pyro Ball|p1a: Seismitoad
|-resisted|p1a: Seismitoad
|-damage|p1a: Seismitoad|68/100
|
|upkeep
|turn|33
|
|move|p2a: Cinderace|U-turn|p1a: Seismitoad
|-damage|p1a: Seismitoad|51/100
|
|switch|p2a: Ferrothorn|Ferrothorn, F|24/100|[from]move: U-turn
|-damage|p2a: Ferrothorn|18/100|[from] Stealth Rock
|move|p1a: Seismitoad|Earthquake|p2a: Ferrothorn
|-damage|p2a: Ferrothorn|0 fnt
|faint|p2a: Ferrothorn
|
|upkeep
|
|switch|p2a: Centiskorch|Centiskorch, F|35/100
|turn|34
|
|move|p1a: Seismitoad|Earthquake|p2a: Centiskorch
|-damage|p2a: Centiskorch|0 fnt
|faint|p2a: Centiskorch
|
|upkeep
|l|☆argoms
|inactive|argoms disconnected and has a minute to reconnect!
|player|p2|
|inactive|argoms has 30 seconds to reconnect!
|inactive|argoms has 20 seconds to reconnect!
|inactive|argoms has 15 seconds to reconnect!
|inactive|argoms has 10 seconds to reconnect!
|inactive|argoms has 5 seconds to reconnect!
|-message|argoms lost due to inactivity.
|
|win|PrivateGirs
|raw|PrivateGirs's rating: 1418 → 1439(+21 for winning)
|raw|argoms's rating: 1437 → 1416(-21 for losing)
