|ScrapeTime|2020-01-02-12:45:27
|j|☆Pixeldudeplays
|j|☆VinciRain
|player|p1|Pixeldudeplays|elesa|1214
|player|p2|VinciRain|pokekid|1147
|teamsize|p1|6
|teamsize|p2|6
|gametype|singles
|gen|8
|tier|[Gen 8] OU
|rated|
|rule|Sleep Clause Mod: Limit one foe put to sleep
|rule|Species Clause: Limit one of each Pokémon
|rule|OHKO Clause: OHKO moves are banned
|rule|Evasion Moves Clause: Evasion moves are banned
|rule|Endless Battle Clause: Forcing endless battles is banned
|rule|HP Percentage Mod: HP is shown in percentages
|clearpoke
|poke|p1|Flygon, M|
|poke|p1|Sylveon, F|
|poke|p1|Crawdaunt, M|
|poke|p1|Dracovish|
|poke|p1|Dugtrio, M|
|poke|p1|Dragapult, M|
|poke|p2|Corviknight, F|
|poke|p2|Seismitoad, F|
|poke|p2|Dragapult, M|
|poke|p2|Conkeldurr, M|
|poke|p2|Sylveon, M|
|poke|p2|Ditto|
|rule|Dynamax Clause: You cannot dynamax
|teampreview
|
|start
|switch|p1a: Crawdaunt|Crawdaunt, M|100/100
|switch|p2a: Dragapult|Dragapult, M|100/100
|turn|1
|
|switch|p1a: Sylveon|Sylveon, F|100/100
|move|p2a: Dragapult|Draco Meteor|p1a: Sylveon
|-immune|p1a: Sylveon
|
|upkeep
|turn|2
|inactive|Battle timer is ON: inactive players will automatically lose when time's up. (requested by VinciRain)
|
|switch|p2a: Seismitoad|Seismitoad, F|100/100
|move|p1a: Sylveon|Hyper Voice|p2a: Seismitoad
|-damage|p2a: Seismitoad|50/100
|
|-heal|p2a: Seismitoad|57/100|[from] item: Leftovers
|upkeep
|turn|3
|
|switch|p2a: Corviknight|Corviknight, F, shiny|100/100
|switch|p1a: Crawdaunt|Crawdaunt, M|100/100
|
|upkeep
|turn|4
|
|move|p1a: Crawdaunt|Knock Off|p2a: Corviknight
|-damage|p2a: Corviknight|19/100
|-enditem|p2a: Corviknight|Aguav Berry|[from] move: Knock Off|[of] p1a: Crawdaunt
|move|p2a: Corviknight|Iron Defense|p2a: Corviknight
|-boost|p2a: Corviknight|def|2
|
|upkeep
|turn|5
|
|move|p1a: Crawdaunt|Knock Off|p2a: Corviknight
|-damage|p2a: Corviknight|0 fnt
|faint|p2a: Corviknight
|
|upkeep
|
|switch|p2a: Dragapult|Dragapult, M|100/100
|turn|6
|
|switch|p1a: Sylveon|Sylveon, F|100/100
|move|p2a: Dragapult|Shadow Ball|p1a: Sylveon
|-damage|p1a: Sylveon|64/100
|-unboost|p1a: Sylveon|spd|1
|
|-heal|p1a: Sylveon|70/100|[from] item: Leftovers
|upkeep
|turn|7
|
|switch|p2a: Sylveon|Sylveon, M|100/100
|move|p1a: Sylveon|Hyper Voice|p2a: Sylveon
|-damage|p2a: Sylveon|62/100
|
|-heal|p1a: Sylveon|76/100|[from] item: Leftovers
|upkeep
|turn|8
|
|switch|p1a: Dugtrio|Dugtrio, M|100/100
|move|p2a: Sylveon|Hyper Voice|p1a: Dugtrio
|-damage|p1a: Dugtrio|0 fnt
|faint|p1a: Dugtrio
|
|upkeep
|
|switch|p1a: Dracovish|Dracovish|100/100
|turn|9
|
|switch|p2a: Seismitoad|Seismitoad, F|57/100
|move|p1a: Dracovish|Fishious Rend|p2a: Seismitoad
|-heal|p2a: Seismitoad|81/100|[from] ability: Water Absorb|[of] p1a: Dracovish
|
|-heal|p2a: Seismitoad|87/100|[from] item: Leftovers
|upkeep
|turn|10
|
|switch|p1a: Sylveon|Sylveon, F|76/100
|move|p2a: Seismitoad|Stealth Rock|p1a: Sylveon
|-sidestart|p1: Pixeldudeplays|move: Stealth Rock
|
|-heal|p2a: Seismitoad|93/100|[from] item: Leftovers
|-heal|p1a: Sylveon|82/100|[from] item: Leftovers
|upkeep
|turn|11
|
|move|p2a: Seismitoad|Toxic|p1a: Sylveon
|-status|p1a: Sylveon|tox
|move|p1a: Sylveon|Hyper Voice|p2a: Seismitoad
|-damage|p2a: Seismitoad|45/100
|
|-heal|p2a: Seismitoad|51/100|[from] item: Leftovers
|-heal|p1a: Sylveon|88/100 tox|[from] item: Leftovers
|-damage|p1a: Sylveon|82/100 tox|[from] psn
|upkeep
|turn|12
|
|switch|p2a: Sylveon|Sylveon, M|62/100
|move|p1a: Sylveon|Hyper Voice|p2a: Sylveon
|-damage|p2a: Sylveon|26/100
|
|-heal|p1a: Sylveon|88/100 tox|[from] item: Leftovers
|-damage|p1a: Sylveon|76/100 tox|[from] psn
|upkeep
|turn|13
|
|move|p2a: Sylveon|Detect|p2a: Sylveon
|-singleturn|p2a: Sylveon|Protect
|move|p1a: Sylveon|Hyper Voice|p2a: Sylveon
|-activate|p2a: Sylveon|move: Protect
|
|-heal|p1a: Sylveon|82/100 tox|[from] item: Leftovers
|-damage|p1a: Sylveon|64/100 tox|[from] psn
|upkeep
|turn|14
|
|move|p2a: Sylveon|Hyper Voice|p1a: Sylveon
|-damage|p1a: Sylveon|15/100 tox
|move|p1a: Sylveon|Hyper Voice|p2a: Sylveon
|-damage|p2a: Sylveon|0 fnt
|faint|p2a: Sylveon
|
|-heal|p1a: Sylveon|22/100 tox|[from] item: Leftovers
|-damage|p1a: Sylveon|0 fnt|[from] psn
|faint|p1a: Sylveon
|upkeep
|
|switch|p2a: Dragapult|Dragapult, M|100/100
|switch|p1a: Dracovish|Dracovish|100/100
|-damage|p1a: Dracovish|88/100|[from] Stealth Rock
|turn|15
|
|switch|p2a: Seismitoad|Seismitoad, F|51/100
|move|p1a: Dracovish|Crunch|p2a: Seismitoad
|-damage|p2a: Seismitoad|24/100
|
|-heal|p2a: Seismitoad|30/100|[from] item: Leftovers
|upkeep
|turn|16
|
|move|p1a: Dracovish|Crunch|p2a: Seismitoad
|-damage|p2a: Seismitoad|4/100
|move|p2a: Seismitoad|Toxic|p1a: Dracovish
|-status|p1a: Dracovish|tox
|
|-heal|p2a: Seismitoad|10/100|[from] item: Leftovers
|-damage|p1a: Dracovish|82/100 tox|[from] psn
|upkeep
|turn|17
|
|switch|p2a: Conkeldurr|Conkeldurr, M|100/100
|move|p1a: Dracovish|Crunch|p2a: Conkeldurr
|-resisted|p2a: Conkeldurr
|-damage|p2a: Conkeldurr|83/100
|
|-damage|p1a: Dracovish|69/100 tox|[from] psn
|-status|p2a: Conkeldurr|brn|[from] item: Flame Orb
|upkeep
|turn|18
|
|switch|p1a: Flygon|Flygon, M|100/100
|-damage|p1a: Flygon|95/100|[from] Stealth Rock
|move|p2a: Conkeldurr|Ice Punch|p1a: Flygon
|-supereffective|p1a: Flygon
|-damage|p1a: Flygon|0 fnt
|faint|p1a: Flygon
|
|-damage|p2a: Conkeldurr|77/100 brn|[from] brn
|upkeep
|
|switch|p1a: Dragapult|Dragapult, M|100/100
|-damage|p1a: Dragapult|88/100|[from] Stealth Rock
|turn|19
|inactive|VinciRain has 120 seconds left.
|inactive|Pixeldudeplays has 120 seconds left.
|
|move|p1a: Dragapult|Draco Meteor|p2a: Conkeldurr
|-damage|p2a: Conkeldurr|0 fnt
|-unboost|p1a: Dragapult|spa|2
|faint|p2a: Conkeldurr
|
|upkeep
|inactive|VinciRain has 120 seconds left.
|
|switch|p2a: Dragapult|Dragapult, M|100/100
|turn|20
|inactive|Pixeldudeplays has 120 seconds left.
|
|move|p1a: Dragapult|Draco Meteor|p2a: Dragapult
|-supereffective|p2a: Dragapult
|-damage|p2a: Dragapult|0 fnt
|-unboost|p1a: Dragapult|spa|2
|faint|p2a: Dragapult
|
|upkeep
|
|switch|p2a: Ditto|Ditto|100/100
|-transform|p2a: Ditto|p1a: Dragapult|[from] ability: Imposter
|turn|21
|
|move|p2a: Ditto|Draco Meteor|p1a: Dragapult
|-supereffective|p1a: Dragapult
|-damage|p1a: Dragapult|35/100
|-unboost|p2a: Ditto|spa|2
|move|p1a: Dragapult|Draco Meteor|p2a: Ditto
|-supereffective|p2a: Ditto
|-damage|p2a: Ditto|18/100
|-unboost|p1a: Dragapult|spa|2
|
|upkeep
|turn|22
|
|move|p2a: Ditto|Draco Meteor|p1a: Dragapult|[miss]
|-miss|p2a: Ditto|p1a: Dragapult
|move|p1a: Dragapult|Draco Meteor|p2a: Ditto
|-supereffective|p2a: Ditto
|-damage|p2a: Ditto|0 fnt
|faint|p2a: Ditto
|
|upkeep
|-message|VinciRain forfeited.
|
|win|Pixeldudeplays
|l|☆VinciRain
|c|☆Pixeldudeplays|gg
|raw|Pixeldudeplays's rating: 1214 → 1234(+20 for winning)
|raw|VinciRain's rating: 1147 → 1127(-20 for losing)
|j|☆VinciRain
|player|p2|VinciRain|pokekid
