|ScrapeTime|2020-01-02-02:56:29
|j|☆SDzzz
|j|☆Creed_dah
|player|p1|SDzzz|102|
|player|p2|Creed_dah|102|
|teamsize|p1|6
|teamsize|p2|6
|gametype|singles
|gen|8
|tier|[Gen 8] OU
|rule|Sleep Clause Mod: Limit one foe put to sleep
|rule|Species Clause: Limit one of each Pokémon
|rule|OHKO Clause: OHKO moves are banned
|rule|Evasion Moves Clause: Evasion moves are banned
|rule|Endless Battle Clause: Forcing endless battles is banned
|rule|HP Percentage Mod: HP is shown in percentages
|clearpoke
|poke|p1|Mimikyu, M|
|poke|p1|Ferrothorn, F|
|poke|p1|Toxtricity, F|
|poke|p1|Corsola-Galar, M|
|poke|p1|Dragapult, F|
|poke|p1|Ditto|
|poke|p2|Copperajah, M|
|poke|p2|Mr. Rime, M|
|poke|p2|Chandelure, F|
|poke|p2|Sirfetch'd, F|
|poke|p2|Coalossal, F|
|poke|p2|Weezing-Galar, M|
|rule|Dynamax Clause: You cannot dynamax
|teampreview
|
|start
|switch|p1a: OH SHIT HE|Corsola-Galar, M|100/100
|switch|p2a: Coalossal|Coalossal, F|100/100
|turn|1
|
|move|p2a: Coalossal|Stealth Rock|p1a: OH SHIT HE
|-sidestart|p1: SDzzz|move: Stealth Rock
|move|p1a: OH SHIT HE|Stealth Rock|p2a: Coalossal
|-sidestart|p2: Creed_dah|move: Stealth Rock
|
|upkeep
|turn|2
|
|switch|p2a: Sirfetch'd|Sirfetch'd, F|100/100
|-damage|p2a: Sirfetch'd|94/100|[from] Stealth Rock
|move|p1a: OH SHIT HE|Night Shade|p2a: Sirfetch'd
|-damage|p2a: Sirfetch'd|64/100
|
|upkeep
|turn|3
|
|move|p2a: Sirfetch'd|Knock Off|p1a: OH SHIT HE
|-supereffective|p1a: OH SHIT HE
|-damage|p1a: OH SHIT HE|50/100
|-start|p2a: Sirfetch'd|Disable|Knock Off|[from] ability: Cursed Body|[of] p1a: OH SHIT HE
|-enditem|p1a: OH SHIT HE|Eviolite|[from] move: Knock Off|[of] p2a: Sirfetch'd
|move|p1a: OH SHIT HE|Strength Sap|p2a: Sirfetch'd
|-unboost|p2a: Sirfetch'd|atk|1
|-heal|p1a: OH SHIT HE|100/100
|
|upkeep
|turn|4
|
|move|p2a: Sirfetch'd|Close Combat|p1a: OH SHIT HE
|-damage|p1a: OH SHIT HE|49/100
|-unboost|p2a: Sirfetch'd|def|1
|-unboost|p2a: Sirfetch'd|spd|1
|move|p1a: OH SHIT HE|Will-O-Wisp|p2a: Sirfetch'd|[miss]
|-miss|p1a: OH SHIT HE|p2a: Sirfetch'd
|
|upkeep
|turn|5
|
|switch|p2a: Coalossal|Coalossal, F|100/100
|-damage|p2a: Coalossal|75/100|[from] Stealth Rock
|move|p1a: OH SHIT HE|Will-O-Wisp|p2a: Coalossal
|-immune|p2a: Coalossal
|
|upkeep
|turn|6
|
|move|p2a: Coalossal|Heat Crash|p1a: OH SHIT HE
|-damage|p1a: OH SHIT HE|0 fnt
|faint|p1a: OH SHIT HE
|
|upkeep
|
|switch|p1a: Toxic dick|Toxtricity, F|100/100
|-damage|p1a: Toxic dick|88/100|[from] Stealth Rock
|turn|7
|
|move|p1a: Toxic dick|Overdrive|p2a: Coalossal
|-damage|p2a: Coalossal|14/100
|move|p2a: Coalossal|Rapid Spin|p1a: Toxic dick
|-damage|p1a: Toxic dick|66/100
|-sideend|p2: Creed_dah|Stealth Rock|[from] move: Rapid Spin|[of] p2a: Coalossal
|-boost|p2a: Coalossal|spe|1
|
|upkeep
|turn|8
|
|move|p1a: Toxic dick|Overdrive|p2a: Coalossal
|-crit|p2a: Coalossal
|-damage|p2a: Coalossal|0 fnt
|faint|p2a: Coalossal
|
|upkeep
|
|switch|p2a: Chandelure|Chandelure, F|100/100
|turn|9
|
|move|p2a: Chandelure|Psychic|p1a: Toxic dick
|-supereffective|p1a: Toxic dick
|-damage|p1a: Toxic dick|0 fnt
|faint|p1a: Toxic dick
|
|upkeep
|
|switch|p1a: Used Condom|Mimikyu, M|100/100
|-damage|p1a: Used Condom|88/100|[from] Stealth Rock
|turn|10
|
|move|p2a: Chandelure|Psychic|p1a: Used Condom
|-activate|p1a: Used Condom|ability: Disguise
|-damage|p1a: Used Condom|88/100
|detailschange|p1a: Used Condom|Mimikyu-Busted, M
|-damage|p1a: Used Condom|76/100|[from] ability: Disguise|[of] p1a: Used Condom
|move|p1a: Used Condom|Swords Dance|p1a: Used Condom
|-boost|p1a: Used Condom|atk|2
|
|upkeep
|turn|11
|
|switch|p2a: Sirfetch'd|Sirfetch'd, F|64/100
|move|p1a: Used Condom|Shadow Sneak|p2a: Sirfetch'd
|-damage|p2a: Sirfetch'd|22/100
|-damage|p1a: Used Condom|66/100|[from] item: Life Orb
|
|upkeep
|turn|12
|
|move|p2a: Sirfetch'd|First Impression|p1a: Used Condom
|-resisted|p1a: Used Condom
|-crit|p1a: Used Condom
|-damage|p1a: Used Condom|45/100
|move|p1a: Used Condom|Shadow Sneak|p2a: Sirfetch'd
|-damage|p2a: Sirfetch'd|0 fnt
|-damage|p1a: Used Condom|35/100|[from] item: Life Orb
|faint|p2a: Sirfetch'd
|
|upkeep
|
|switch|p2a: Copperajah|Copperajah, M|100/100
|turn|13
|
|move|p1a: Used Condom|Shadow Claw|p2a: Copperajah
|-damage|p2a: Copperajah|30/100
|-damage|p1a: Used Condom|25/100|[from] item: Life Orb
|move|p2a: Copperajah|Heavy Slam|p1a: Used Condom
|-supereffective|p1a: Used Condom
|-crit|p1a: Used Condom
|-damage|p1a: Used Condom|0 fnt
|faint|p1a: Used Condom
|
|upkeep
|
|switch|p1a: Thorny dick|Ferrothorn, F|100/100
|-damage|p1a: Thorny dick|94/100|[from] Stealth Rock
|turn|14
|
|move|p2a: Copperajah|Superpower|p1a: Thorny dick
|-supereffective|p1a: Thorny dick
|-damage|p1a: Thorny dick|41/100
|-damage|p2a: Copperajah|18/100|[from] ability: Iron Barbs|[of] p1a: Thorny dick
|-unboost|p2a: Copperajah|atk|1
|-unboost|p2a: Copperajah|def|1
|move|p1a: Thorny dick|Leech Seed|p2a: Copperajah
|-start|p2a: Copperajah|move: Leech Seed
|
|-heal|p1a: Thorny dick|48/100|[from] item: Leftovers
|-damage|p2a: Copperajah|5/100|[from] Leech Seed|[of] p1a: Thorny dick
|-heal|p1a: Thorny dick|62/100|[silent]
|upkeep
|turn|15
|
|move|p2a: Copperajah|Superpower|p1a: Thorny dick
|-supereffective|p1a: Thorny dick
|-damage|p1a: Thorny dick|25/100
|-damage|p2a: Copperajah|0 fnt|[from] ability: Iron Barbs|[of] p1a: Thorny dick
|faint|p2a: Copperajah
|move|p1a: Thorny dick|Spikes|p2: Copperajah
|-sidestart|p2: Creed_dah|Spikes
|
|-heal|p1a: Thorny dick|31/100|[from] item: Leftovers
|upkeep
|
|switch|p2a: Chandelure|Chandelure, F|100/100
|-damage|p2a: Chandelure|88/100|[from] Spikes
|turn|16
|
|move|p2a: Chandelure|Shadow Ball|p1a: Thorny dick
|-damage|p1a: Thorny dick|0 fnt
|faint|p1a: Thorny dick
|
|upkeep
|
|switch|p1a: dick launcher|Dragapult, F|100/100
|-damage|p1a: dick launcher|88/100|[from] Stealth Rock
|turn|17
|
|move|p2a: Chandelure|Shadow Ball|p1a: dick launcher
|-supereffective|p1a: dick launcher
|-damage|p1a: dick launcher|0 fnt
|faint|p1a: dick launcher
|
|upkeep
|
|switch|p1a: Blue Balls|Ditto, shiny|100/100
|-damage|p1a: Blue Balls|88/100|[from] Stealth Rock
|-transform|p1a: Blue Balls|p2a: Chandelure|[from] ability: Imposter
|turn|18
|
|move|p1a: Blue Balls|Shadow Ball|p2a: Chandelure
|-supereffective|p2a: Chandelure
|-damage|p2a: Chandelure|0 fnt
|faint|p2a: Chandelure
|
|upkeep
|
|switch|p2a: Mr. Rime|Mr. Rime, M|100/100
|-damage|p2a: Mr. Rime|88/100|[from] Spikes
|turn|19
|
|move|p1a: Blue Balls|Shadow Ball|p2a: Mr. Rime
|-supereffective|p2a: Mr. Rime
|-damage|p2a: Mr. Rime|0 fnt
|faint|p2a: Mr. Rime
|
|upkeep
|
|switch|p2a: Weezing|Weezing-Galar, M|100/100
|turn|20
|
|move|p1a: Blue Balls|Shadow Ball|p2a: Weezing
|-damage|p2a: Weezing|43/100
|move|p2a: Weezing|Thunderbolt|p1a: Blue Balls
|-damage|p1a: Blue Balls|56/100
|
|-heal|p2a: Weezing|49/100|[from] item: Leftovers
|upkeep
|turn|21
|c|☆Creed_dah|gg
|
|move|p1a: Blue Balls|Shadow Ball|p2a: Weezing
|-damage|p2a: Weezing|0 fnt
|faint|p2a: Weezing
|
|win|SDzzz
|c|☆SDzzz|gg
