|ScrapeTime|2020-01-03-01:38:50
|j|☆WarioMasters
|j|☆malk gen 8
|player|p1|WarioMasters|silver-gen2|1865
|player|p2|malk gen 8|265|1784
|teamsize|p1|6
|teamsize|p2|6
|gametype|singles
|gen|8
|tier|[Gen 8] OU
|rated|
|rule|Sleep Clause Mod: Limit one foe put to sleep
|rule|Species Clause: Limit one of each Pokémon
|rule|OHKO Clause: OHKO moves are banned
|rule|Evasion Moves Clause: Evasion moves are banned
|rule|Endless Battle Clause: Forcing endless battles is banned
|rule|HP Percentage Mod: HP is shown in percentages
|clearpoke
|poke|p1|Vikavolt, F|
|poke|p1|Cinderace, F|
|poke|p1|Kommo-o, F|
|poke|p1|Bisharp, M|
|poke|p1|Excadrill, F|
|poke|p1|Dracovish|
|poke|p2|Corviknight, M|
|poke|p2|Grimmsnarl, M|
|poke|p2|Cloyster, M|
|poke|p2|Gengar, F|
|poke|p2|Gyarados, M|
|poke|p2|Cinderace, F|
|rule|Dynamax Clause: You cannot dynamax
|teampreview
|j| Sir Isaac Mewton
|
|start
|switch|p1a: Excadrill|Excadrill, F|100/100
|switch|p2a: Cinderace|Cinderace, F|100/100
|-ability|p1a: Excadrill|Mold Breaker
|turn|1
|
|move|p2a: Cinderace|U-turn|p1a: Excadrill
|-resisted|p1a: Excadrill
|-damage|p1a: Excadrill|85/100
|
|switch|p2a: Corviknight|Corviknight, M|100/100|[from]move: U-turn
|-ability|p2a: Corviknight|Pressure
|move|p1a: Excadrill|Rapid Spin|p2a: Corviknight
|-resisted|p2a: Corviknight
|-damage|p2a: Corviknight|93/100
|-boost|p1a: Excadrill|spe|1
|
|-heal|p2a: Corviknight|99/100|[from] item: Leftovers
|upkeep
|turn|2
|
|move|p1a: Excadrill|Stealth Rock|p2a: Corviknight
|-sidestart|p2: malk gen 8|move: Stealth Rock
|move|p2a: Corviknight|Agility|p2a: Corviknight
|-boost|p2a: Corviknight|spe|2
|
|-heal|p2a: Corviknight|100/100|[from] item: Leftovers
|upkeep
|turn|3
|
|switch|p1a: Vikavolt|Vikavolt, F|100/100
|move|p2a: Corviknight|Bulk Up|p2a: Corviknight
|-boost|p2a: Corviknight|atk|1
|-boost|p2a: Corviknight|def|1
|
|upkeep
|turn|4
|j| acid dreams
|
|move|p2a: Corviknight|Power Trip|p1a: Vikavolt
|-damage|p1a: Vikavolt|66/100
|move|p1a: Vikavolt|Thunderbolt|p2a: Corviknight
|-supereffective|p2a: Corviknight
|-damage|p2a: Corviknight|21/100
|
|-heal|p2a: Corviknight|27/100|[from] item: Leftovers
|upkeep
|turn|5
|
|move|p2a: Corviknight|Roost|p2a: Corviknight
|-heal|p2a: Corviknight|77/100
|-singleturn|p2a: Corviknight|move: Roost
|move|p1a: Vikavolt|Sticky Web|p2a: Corviknight
|-sidestart|p2: malk gen 8|move: Sticky Web
|
|-heal|p2a: Corviknight|83/100|[from] item: Leftovers
|upkeep
|turn|6
|
|move|p2a: Corviknight|Bulk Up|p2a: Corviknight
|-boost|p2a: Corviknight|atk|1
|-boost|p2a: Corviknight|def|1
|move|p1a: Vikavolt|Thunderbolt|p2a: Corviknight
|-supereffective|p2a: Corviknight
|-damage|p2a: Corviknight|9/100
|
|-heal|p2a: Corviknight|15/100|[from] item: Leftovers
|upkeep
|turn|7
|
|move|p2a: Corviknight|Roost|p2a: Corviknight
|-heal|p2a: Corviknight|65/100
|-singleturn|p2a: Corviknight|move: Roost
|move|p1a: Vikavolt|Thunderbolt|p2a: Corviknight
|-damage|p2a: Corviknight|27/100
|
|-heal|p2a: Corviknight|33/100|[from] item: Leftovers
|upkeep
|turn|8
|
|move|p2a: Corviknight|Roost|p2a: Corviknight
|-heal|p2a: Corviknight|83/100
|-singleturn|p2a: Corviknight|move: Roost
|move|p1a: Vikavolt|Thunderbolt|p2a: Corviknight
|-damage|p2a: Corviknight|42/100
|
|-heal|p2a: Corviknight|48/100|[from] item: Leftovers
|upkeep
|turn|9
|
|move|p2a: Corviknight|Roost|p2a: Corviknight
|-heal|p2a: Corviknight|98/100
|-singleturn|p2a: Corviknight|move: Roost
|move|p1a: Vikavolt|Thunderbolt|p2a: Corviknight
|-damage|p2a: Corviknight|57/100
|
|-heal|p2a: Corviknight|63/100|[from] item: Leftovers
|upkeep
|turn|10
|
|move|p2a: Corviknight|Roost|p2a: Corviknight
|-heal|p2a: Corviknight|100/100
|-singleturn|p2a: Corviknight|move: Roost
|move|p1a: Vikavolt|Thunderbolt|p2a: Corviknight
|-crit|p2a: Corviknight
|-damage|p2a: Corviknight|45/100
|
|-heal|p2a: Corviknight|51/100|[from] item: Leftovers
|upkeep
|turn|11
|j| steven 2222
|
|move|p2a: Corviknight|Roost|p2a: Corviknight
|-heal|p2a: Corviknight|100/100
|-singleturn|p2a: Corviknight|move: Roost
|move|p1a: Vikavolt|Thunderbolt|p2a: Corviknight
|-damage|p2a: Corviknight|62/100
|-status|p2a: Corviknight|par
|
|-heal|p2a: Corviknight|68/100 par|[from] item: Leftovers
|upkeep
|turn|12
|j| Low Ladder Skills
|
|move|p2a: Corviknight|Roost|p2a: Corviknight
|-heal|p2a: Corviknight|100/100 par
|-singleturn|p2a: Corviknight|move: Roost
|move|p1a: Vikavolt|Thunderbolt|p2a: Corviknight
|-crit|p2a: Corviknight
|-damage|p2a: Corviknight|40/100 par
|
|-heal|p2a: Corviknight|46/100 par|[from] item: Leftovers
|upkeep
|turn|13
|
|move|p2a: Corviknight|Roost|p2a: Corviknight
|-heal|p2a: Corviknight|96/100 par
|-singleturn|p2a: Corviknight|move: Roost
|move|p1a: Vikavolt|Thunderbolt|p2a: Corviknight
|-damage|p2a: Corviknight|59/100 par
|
|-heal|p2a: Corviknight|65/100 par|[from] item: Leftovers
|upkeep
|turn|14
|
|move|p2a: Corviknight|Roost|p2a: Corviknight
|-heal|p2a: Corviknight|100/100 par
|-singleturn|p2a: Corviknight|move: Roost
|move|p1a: Vikavolt|Thunderbolt|p2a: Corviknight
|-damage|p2a: Corviknight|60/100 par
|
|-heal|p2a: Corviknight|66/100 par|[from] item: Leftovers
|upkeep
|turn|15
|
|move|p2a: Corviknight|Roost|p2a: Corviknight
|-heal|p2a: Corviknight|100/100 par
|-singleturn|p2a: Corviknight|move: Roost
|move|p1a: Vikavolt|Thunderbolt|p2a: Corviknight
|-damage|p2a: Corviknight|62/100 par
|
|-heal|p2a: Corviknight|68/100 par|[from] item: Leftovers
|upkeep
|turn|16
|
|move|p2a: Corviknight|Roost|p2a: Corviknight
|-heal|p2a: Corviknight|100/100 par
|-singleturn|p2a: Corviknight|move: Roost
|move|p1a: Vikavolt|Thunderbolt|p2a: Corviknight
|-damage|p2a: Corviknight|63/100 par
|
|-heal|p2a: Corviknight|69/100 par|[from] item: Leftovers
|upkeep
|turn|17
|
|move|p2a: Corviknight|Agility|p2a: Corviknight
|-boost|p2a: Corviknight|spe|2
|move|p1a: Vikavolt|Volt Switch|p2a: Corviknight
|-supereffective|p2a: Corviknight
|-crit|p2a: Corviknight
|-damage|p2a: Corviknight|0 fnt
|faint|p2a: Corviknight
|c| acid dreams|loool
|
|switch|p1a: Kommo-o|Kommo-o, F|100/100|[from]move: Volt Switch
|
|upkeep
|
|switch|p2a: Cinderace|Cinderace, F|100/100
|-activate|p2a: Cinderace|move: Sticky Web
|-unboost|p2a: Cinderace|spe|1
|-damage|p2a: Cinderace|76/100|[from] Stealth Rock
|turn|18
|c| Sir Isaac Mewton|that was tough
|
|move|p2a: Cinderace|Court Change|p2a: Cinderace
|-sideend|p2: malk gen 8|Stealth Rock|[silent]
|-sidestart|p1: WarioMasters|Stealth Rock|[silent]
|-sideend|p2: malk gen 8|Sticky Web|[silent]
|-sidestart|p1: WarioMasters|Sticky Web|[silent]
|-activate|p2a: Cinderace|move: Court Change
|move|p1a: Kommo-o|Earthquake|p2a: Cinderace
|-supereffective|p2a: Cinderace
|-damage|p2a: Cinderace|0 fnt
|faint|p2a: Cinderace
|
|upkeep
|
|switch|p2a: Cloyster|Cloyster, M|100/100
|turn|19
|
|move|p1a: Kommo-o|Drain Punch|p2a: Cloyster
|-supereffective|p2a: Cloyster
|-damage|p2a: Cloyster|42/100
|move|p2a: Cloyster|Shell Smash|p2a: Cloyster
|-unboost|p2a: Cloyster|def|1
|-unboost|p2a: Cloyster|spd|1
|-boost|p2a: Cloyster|atk|2
|-boost|p2a: Cloyster|spa|2
|-boost|p2a: Cloyster|spe|2
|-enditem|p2a: Cloyster|White Herb
|-clearnegativeboost|p2a: Cloyster|[silent]
|
|upkeep
|turn|20
|c| acid dreams|I wanted to see Corvi sweep too
|j| La Pampara
|
|switch|p1a: Vikavolt|Vikavolt, F|66/100
|-damage|p1a: Vikavolt|41/100|[from] Stealth Rock
|move|p2a: Cloyster|Icicle Spear|p1a: Vikavolt
|-damage|p1a: Vikavolt|18/100
|-damage|p1a: Vikavolt|0 fnt
|-hitcount|p1a: Vikavolt|2
|faint|p1a: Vikavolt
|
|upkeep
|
|switch|p1a: Bisharp|Bisharp, M|100/100
|-damage|p1a: Bisharp|95/100|[from] Stealth Rock
|-activate|p1a: Bisharp|move: Sticky Web
|-unboost|p1a: Bisharp|spe|1
|-ability|p1a: Bisharp|Defiant
|-boost|p1a: Bisharp|atk|2
|turn|21
|
|move|p1a: Bisharp|Sucker Punch||[still]
|-fail|p1a: Bisharp
|move|p2a: Cloyster|Shell Smash|p2a: Cloyster
|-unboost|p2a: Cloyster|def|1
|-unboost|p2a: Cloyster|spd|1
|-boost|p2a: Cloyster|atk|2
|-boost|p2a: Cloyster|spa|2
|-boost|p2a: Cloyster|spe|2
|
|upkeep
|turn|22
|
|move|p1a: Bisharp|Sucker Punch||[still]
|-fail|p1a: Bisharp
|move|p2a: Cloyster|Shell Smash|p2a: Cloyster
|-unboost|p2a: Cloyster|def|1
|-unboost|p2a: Cloyster|spd|1
|-boost|p2a: Cloyster|atk|2
|-boost|p2a: Cloyster|spa|2
|-boost|p2a: Cloyster|spe|2
|
|upkeep
|turn|23
|
|move|p1a: Bisharp|Sucker Punch||[still]
|-fail|p1a: Bisharp
|move|p2a: Cloyster|Shell Smash|p2a: Cloyster
|-unboost|p2a: Cloyster|def|1
|-unboost|p2a: Cloyster|spd|1
|-boost|p2a: Cloyster|atk|0
|-boost|p2a: Cloyster|spa|0
|-boost|p2a: Cloyster|spe|0
|
|upkeep
|turn|24
|
|move|p1a: Bisharp|Sucker Punch||[still]
|-fail|p1a: Bisharp
|move|p2a: Cloyster|Shell Smash|p2a: Cloyster
|-unboost|p2a: Cloyster|def|1
|-unboost|p2a: Cloyster|spd|1
|-boost|p2a: Cloyster|atk|0
|-boost|p2a: Cloyster|spa|0
|-boost|p2a: Cloyster|spe|0
|
|upkeep
|turn|25
|
|move|p1a: Bisharp|Sucker Punch||[still]
|-fail|p1a: Bisharp
|move|p2a: Cloyster|Shell Smash|p2a: Cloyster
|-unboost|p2a: Cloyster|def|1
|-unboost|p2a: Cloyster|spd|1
|-boost|p2a: Cloyster|atk|0
|-boost|p2a: Cloyster|spa|0
|-boost|p2a: Cloyster|spe|0
|
|upkeep
|turn|26
|
|move|p1a: Bisharp|Sucker Punch|p2a: Cloyster
|-damage|p2a: Cloyster|0 fnt
|faint|p2a: Cloyster
|
|upkeep
|j| DevilishGreg
|
|switch|p2a: Grimmsnarl|Grimmsnarl, M|100/100
|turn|27
|c| Sir Isaac Mewton|that was tough
|
|switch|p1a: Suck mee|Cinderace, F|100/100
|move|p2a: Grimmsnarl|Reflect|p2a: Grimmsnarl
|-sidestart|p2: malk gen 8|Reflect
|
|upkeep
|turn|28
|
|move|p2a: Grimmsnarl|Taunt|p1a: Suck mee
|-start|p1a: Suck mee|move: Taunt
|cant|p1a: Suck mee|move: Taunt|Court Change
|
|upkeep
|turn|29
|j| Popesito
|
|switch|p1a: Bisharp|Bisharp, M|95/100
|-activate|p1a: Bisharp|move: Sticky Web
|-unboost|p1a: Bisharp|spe|1
|-ability|p1a: Bisharp|Defiant
|-boost|p1a: Bisharp|atk|2
|-damage|p1a: Bisharp|89/100|[from] Stealth Rock
|switch|p2a: Gyarados|Gyarados, M|100/100
|
|upkeep
|turn|30
|
|move|p2a: Gyarados|Earthquake|p1a: Bisharp
|-supereffective|p1a: Bisharp
|-damage|p1a: Bisharp|0 fnt
|faint|p1a: Bisharp
|-ability|p2a: Gyarados|Moxie|boost
|-boost|p2a: Gyarados|atk|1
|
|upkeep
|
|switch|p1a: Suck mee|Cinderace, F|100/100
|turn|31
|
|move|p1a: Suck mee|Court Change|p1a: Suck mee
|-sideend|p1: WarioMasters|Stealth Rock|[silent]
|-sidestart|p2: malk gen 8|Stealth Rock|[silent]
|-sideend|p1: WarioMasters|Sticky Web|[silent]
|-sidestart|p2: malk gen 8|Sticky Web|[silent]
|-sideend|p2: malk gen 8|Reflect|[silent]
|-sidestart|p1: WarioMasters|Reflect|[silent]
|-activate|p1a: Suck mee|move: Court Change
|move|p2a: Gyarados|Dragon Dance|p2a: Gyarados
|-boost|p2a: Gyarados|atk|1
|-boost|p2a: Gyarados|spe|1
|
|upkeep
|turn|32
|
|switch|p1a: Dracovish|Dracovish|100/100
|move|p2a: Gyarados|Waterfall|p1a: Dracovish
|-resisted|p1a: Dracovish
|-damage|p1a: Dracovish|90/100
|
|upkeep
|turn|33
|
|move|p2a: Gyarados|Power Whip|p1a: Dracovish|[miss]
|-miss|p2a: Gyarados|p1a: Dracovish
|move|p1a: Dracovish|Crunch|p2a: Gyarados
|-damage|p2a: Gyarados|55/100
|
|upkeep
|turn|34
|
|move|p2a: Gyarados|Power Whip|p1a: Dracovish
|-damage|p1a: Dracovish|50/100
|move|p1a: Dracovish|Crunch|p2a: Gyarados
|-damage|p2a: Gyarados|0 fnt
|faint|p2a: Gyarados
|
|-sideend|p1: WarioMasters|Reflect
|upkeep
|j| w0rmh0le
|
|switch|p2a: Grimmsnarl|Grimmsnarl, M|100/100
|-damage|p2a: Grimmsnarl|88/100|[from] Stealth Rock
|-activate|p2a: Grimmsnarl|move: Sticky Web
|-unboost|p2a: Grimmsnarl|spe|1
|turn|35
|
|move|p2a: Grimmsnarl|Reflect|p2a: Grimmsnarl
|-sidestart|p2: malk gen 8|Reflect
|move|p1a: Dracovish|Fishious Rend|p2a: Grimmsnarl
|-damage|p2a: Grimmsnarl|53/100
|
|upkeep
|turn|36
|
|move|p2a: Grimmsnarl|Thunder Wave|p1a: Dracovish
|-status|p1a: Dracovish|par
|move|p1a: Dracovish|Fishious Rend|p2a: Grimmsnarl
|-damage|p2a: Grimmsnarl|10/100
|
|upkeep
|turn|37
|c| Sir Isaac Mewton|he got all the sauce
|
|switch|p1a: Excadrill|Excadrill, F|85/100
|-ability|p1a: Excadrill|Mold Breaker
|move|p2a: Grimmsnarl|Light Screen|p2a: Grimmsnarl
|-sidestart|p2: malk gen 8|move: Light Screen
|
|upkeep
|turn|38
|
|move|p2a: Grimmsnarl|Taunt|p1a: Excadrill
|-start|p1a: Excadrill|move: Taunt
|move|p1a: Excadrill|Earthquake|p2a: Grimmsnarl
|-damage|p2a: Grimmsnarl|0 fnt
|faint|p2a: Grimmsnarl
|
|upkeep
|
|switch|p2a: Gengar|Gengar, F|100/100
|-activate|p2a: Gengar|move: Sticky Web
|-unboost|p2a: Gengar|spe|1
|-damage|p2a: Gengar|88/100|[from] Stealth Rock
|turn|39
|
|move|p1a: Excadrill|Earthquake|p2a: Gengar
|-supereffective|p2a: Gengar
|-damage|p2a: Gengar|0 fnt
|faint|p2a: Gengar
|
|win|WarioMasters
|l| Low Ladder Skills
|l|☆WarioMasters
|l| acid dreams
|raw|WarioMasters's rating: 1865 → 1881(+16 for winning)
|raw|malk gen 8's rating: 1784 → 1769(-15 for losing)
