|ScrapeTime|2020-01-02-09:45:38
|j|☆Comedian trainer
|j|☆Zoro0403
|player|p1|Comedian trainer|16|1045
|player|p2|Zoro0403|170|1067
|teamsize|p1|6
|teamsize|p2|6
|gametype|singles
|gen|8
|tier|[Gen 8] OU
|rated|
|rule|Sleep Clause Mod: Limit one foe put to sleep
|rule|Species Clause: Limit one of each Pokémon
|rule|OHKO Clause: OHKO moves are banned
|rule|Evasion Moves Clause: Evasion moves are banned
|rule|Endless Battle Clause: Forcing endless battles is banned
|rule|HP Percentage Mod: HP is shown in percentages
|clearpoke
|poke|p1|Gyarados, M|
|poke|p1|Espeon, M|
|poke|p1|Machoke, F|
|poke|p1|Snorlax, M|
|poke|p1|Raichu, M|
|poke|p1|Butterfree, M|
|poke|p2|Corviknight, M|
|poke|p2|Salazzle, F|
|poke|p2|Reuniclus, M|
|poke|p2|Quagsire, M|
|poke|p2|Whimsicott, F|
|poke|p2|Mandibuzz, F|
|rule|Dynamax Clause: You cannot dynamax
|teampreview
|
|start
|switch|p1a: Butterfree|Butterfree, M|100/100
|switch|p2a: Reuniclus|Reuniclus, M|100/100
|turn|1
|
|switch|p2a: Whimsicott|Whimsicott, F|100/100
|move|p1a: Butterfree|Sleep Powder|p2a: Whimsicott
|-immune|p2a: Whimsicott
|
|upkeep
|turn|2
|
|move|p2a: Whimsicott|Tailwind|p2a: Whimsicott
|-sidestart|p2: Zoro0403|move: Tailwind
|move|p1a: Butterfree|Quiver Dance|p1a: Butterfree
|-boost|p1a: Butterfree|spa|1
|-boost|p1a: Butterfree|spd|1
|-boost|p1a: Butterfree|spe|1
|
|upkeep
|turn|3
|
|move|p2a: Whimsicott|Moonblast|p1a: Butterfree
|-damage|p1a: Butterfree|63/100
|move|p1a: Butterfree|Air Slash|p2a: Whimsicott
|-supereffective|p2a: Whimsicott
|-enditem|p2a: Whimsicott|Focus Sash
|-damage|p2a: Whimsicott|1/100
|
|upkeep
|turn|4
|
|move|p2a: Whimsicott|Endeavor|p1a: Butterfree
|-damage|p1a: Butterfree|1/100
|move|p1a: Butterfree|Air Slash|p2a: Whimsicott
|-supereffective|p2a: Whimsicott
|-damage|p2a: Whimsicott|0 fnt
|faint|p2a: Whimsicott
|
|upkeep
|
|switch|p2a: Salazzle|Salazzle, F|100/100
|turn|5
|
|move|p2a: Salazzle|Taunt|p1a: Butterfree
|-start|p1a: Butterfree|move: Taunt
|cant|p1a: Butterfree|move: Taunt|Sleep Powder
|
|-sideend|p2: Zoro0403|move: Tailwind
|upkeep
|turn|6
|
|move|p2a: Salazzle|Toxic|p1a: Butterfree
|-status|p1a: Butterfree|tox
|move|p1a: Butterfree|Air Slash|p2a: Salazzle
|-damage|p2a: Salazzle|25/100
|
|-heal|p2a: Salazzle|32/100|[from] item: Black Sludge
|-damage|p1a: Butterfree|0 fnt|[from] psn
|faint|p1a: Butterfree
|upkeep
|inactive|Battle timer is ON: inactive players will automatically lose when time's up. (requested by Zoro0403)
|
|switch|p1a: Espeon|Espeon, M|100/100
|turn|7
|
|move|p2a: Salazzle|Protect|p2a: Salazzle
|-singleturn|p2a: Salazzle|Protect
|move|p1a: Espeon|Calm Mind|p1a: Espeon
|-boost|p1a: Espeon|spa|1
|-boost|p1a: Espeon|spd|1
|
|-heal|p2a: Salazzle|38/100|[from] item: Black Sludge
|upkeep
|turn|8
|
|move|p2a: Salazzle|Taunt|p1a: Espeon
|move|p1a: Espeon|Taunt|p2a: Salazzle|[from]Magic Bounce
|-start|p2a: Salazzle|move: Taunt
|move|p1a: Espeon|Psychic|p2a: Salazzle
|-supereffective|p2a: Salazzle
|-damage|p2a: Salazzle|0 fnt
|faint|p2a: Salazzle
|
|upkeep
|
|switch|p2a: Reuniclus|Reuniclus, M|100/100
|turn|9
|
|move|p1a: Espeon|Dazzling Gleam|p2a: Reuniclus
|-damage|p2a: Reuniclus|65/100
|move|p2a: Reuniclus|Calm Mind|p2a: Reuniclus
|-boost|p2a: Reuniclus|spa|1
|-boost|p2a: Reuniclus|spd|1
|
|-heal|p2a: Reuniclus|71/100|[from] item: Leftovers
|upkeep
|turn|10
|
|move|p1a: Espeon|Calm Mind|p1a: Espeon
|-boost|p1a: Espeon|spa|1
|-boost|p1a: Espeon|spd|1
|move|p2a: Reuniclus|Calm Mind|p2a: Reuniclus
|-boost|p2a: Reuniclus|spa|1
|-boost|p2a: Reuniclus|spd|1
|
|-heal|p2a: Reuniclus|77/100|[from] item: Leftovers
|upkeep
|turn|11
|
|move|p1a: Espeon|Grass Knot|p2a: Reuniclus
|-damage|p2a: Reuniclus|63/100
|move|p2a: Reuniclus|Calm Mind|p2a: Reuniclus
|-boost|p2a: Reuniclus|spa|1
|-boost|p2a: Reuniclus|spd|1
|
|-heal|p2a: Reuniclus|70/100|[from] item: Leftovers
|upkeep
|turn|12
|
|switch|p1a: Machoke|Machoke, F|100/100
|move|p2a: Reuniclus|Calm Mind|p2a: Reuniclus
|-boost|p2a: Reuniclus|spa|1
|-boost|p2a: Reuniclus|spd|1
|
|-heal|p2a: Reuniclus|76/100|[from] item: Leftovers
|upkeep
|turn|13
|
|move|p1a: Machoke|Dynamic Punch|p2a: Reuniclus
|-resisted|p2a: Reuniclus
|-crit|p2a: Reuniclus
|-damage|p2a: Reuniclus|54/100
|-start|p2a: Reuniclus|confusion
|-activate|p2a: Reuniclus|confusion
|move|p2a: Reuniclus|Acid Armor|p2a: Reuniclus
|-boost|p2a: Reuniclus|def|2
|
|-heal|p2a: Reuniclus|60/100|[from] item: Leftovers
|upkeep
|turn|14
|
|move|p1a: Machoke|Earthquake|p2a: Reuniclus
|-damage|p2a: Reuniclus|49/100
|-activate|p2a: Reuniclus|confusion
|move|p2a: Reuniclus|Acid Armor|p2a: Reuniclus
|-boost|p2a: Reuniclus|def|2
|
|-heal|p2a: Reuniclus|55/100|[from] item: Leftovers
|upkeep
|turn|15
|
|move|p1a: Machoke|Poison Jab|p2a: Reuniclus
|-damage|p2a: Reuniclus|50/100
|-activate|p2a: Reuniclus|confusion
|move|p2a: Reuniclus|Recover|p2a: Reuniclus
|-heal|p2a: Reuniclus|99/100
|
|-heal|p2a: Reuniclus|100/100|[from] item: Leftovers
|upkeep
|turn|16
|
|move|p1a: Machoke|Poison Jab|p2a: Reuniclus
|-damage|p2a: Reuniclus|95/100
|-activate|p2a: Reuniclus|confusion
|-damage|p2a: Reuniclus|94/100|[from] confusion
|
|-heal|p2a: Reuniclus|99/100|[from] item: Leftovers
|upkeep
|turn|17
|
|move|p1a: Machoke|Poison Jab|p2a: Reuniclus
|-damage|p2a: Reuniclus|94/100
|-status|p2a: Reuniclus|psn
|-end|p2a: Reuniclus|confusion
|move|p2a: Reuniclus|Acid Armor|p2a: Reuniclus
|-boost|p2a: Reuniclus|def|2
|
|-heal|p2a: Reuniclus|100/100 psn|[from] item: Leftovers
|upkeep
|turn|18
|
|move|p1a: Machoke|Dynamic Punch|p2a: Reuniclus
|-resisted|p2a: Reuniclus
|-damage|p2a: Reuniclus|97/100 psn
|-start|p2a: Reuniclus|confusion
|-activate|p2a: Reuniclus|confusion
|-damage|p2a: Reuniclus|96/100 psn|[from] confusion
|
|-heal|p2a: Reuniclus|100/100 psn|[from] item: Leftovers
|upkeep
|turn|19
|inactive|Comedian trainer has 120 seconds left.
|
|move|p1a: Machoke|Bulk Up|p1a: Machoke
|-boost|p1a: Machoke|atk|1
|-boost|p1a: Machoke|def|1
|-activate|p2a: Reuniclus|confusion
|move|p2a: Reuniclus|Calm Mind|p2a: Reuniclus
|-boost|p2a: Reuniclus|spa|1
|-boost|p2a: Reuniclus|spd|1
|
|upkeep
|turn|20
|
|move|p1a: Machoke|Bulk Up|p1a: Machoke
|-boost|p1a: Machoke|atk|1
|-boost|p1a: Machoke|def|1
|-activate|p2a: Reuniclus|confusion
|move|p2a: Reuniclus|Calm Mind|p2a: Reuniclus
|-boost|p2a: Reuniclus|spa|1
|-boost|p2a: Reuniclus|spd|1
|
|upkeep
|turn|21
|
|move|p1a: Machoke|Bulk Up|p1a: Machoke
|-boost|p1a: Machoke|atk|1
|-boost|p1a: Machoke|def|1
|-end|p2a: Reuniclus|confusion
|move|p2a: Reuniclus|Flash Cannon|p1a: Machoke
|-damage|p1a: Machoke|30/100
|-unboost|p1a: Machoke|spd|1
|
|upkeep
|turn|22
|
|move|p1a: Machoke|Dynamic Punch|p2a: Reuniclus
|-resisted|p2a: Reuniclus
|-damage|p2a: Reuniclus|91/100 psn
|-start|p2a: Reuniclus|confusion
|-activate|p2a: Reuniclus|confusion
|move|p2a: Reuniclus|Flash Cannon|p1a: Machoke
|-damage|p1a: Machoke|0 fnt
|faint|p1a: Machoke
|
|-heal|p2a: Reuniclus|97/100 psn|[from] item: Leftovers
|upkeep
|-message|Comedian trainer forfeited.
|
|win|Zoro0403
|l|☆Comedian trainer
|raw|Comedian trainer's rating: 1045 → 1029(-16 for losing)
|raw|Zoro0403's rating: 1067 → 1095(+28 for winning)
