|ScrapeTime|2020-01-03-01:22:33
|j|☆QStar94
|j|☆ou noob training
|player|p1|QStar94|101|1368
|player|p2|ou noob training|youngster-gen4|1329
|teamsize|p1|6
|teamsize|p2|6
|gametype|singles
|gen|8
|tier|[Gen 8] OU
|rated|
|rule|Sleep Clause Mod: Limit one foe put to sleep
|rule|Species Clause: Limit one of each Pokémon
|rule|OHKO Clause: OHKO moves are banned
|rule|Evasion Moves Clause: Evasion moves are banned
|rule|Endless Battle Clause: Forcing endless battles is banned
|rule|HP Percentage Mod: HP is shown in percentages
|clearpoke
|poke|p1|Rotom-Heat|
|poke|p1|Seismitoad, M|
|poke|p1|Ferrothorn, F|
|poke|p1|Mandibuzz, F|
|poke|p1|Sylveon, M|
|poke|p1|Dragapult, M|
|poke|p2|Tyranitar, F|
|poke|p2|Excadrill, M|
|poke|p2|Clefable, F|
|poke|p2|Ferrothorn, M|
|poke|p2|Corsola-Galar, F|
|poke|p2|Dragapult, F|
|rule|Dynamax Clause: You cannot dynamax
|teampreview
|
|start
|switch|p1a: Seismitoad|Seismitoad, M|100/100
|switch|p2a: Tyranitar|Tyranitar, F|100/100
|-weather|Sandstorm|[from] ability: Sand Stream|[of] p2a: Tyranitar
|turn|1
|
|switch|p2a: Ferrothorn|Ferrothorn, M|100/100
|move|p1a: Seismitoad|Stealth Rock|p2a: Ferrothorn
|-sidestart|p2: ou noob training|move: Stealth Rock
|
|-weather|Sandstorm|[upkeep]
|upkeep
|turn|2
|
|switch|p1a: Rotom|Rotom-Heat, shiny|100/100
|move|p2a: Ferrothorn|Leech Seed|p1a: Rotom
|-start|p1a: Rotom|move: Leech Seed
|
|-weather|Sandstorm|[upkeep]
|-damage|p1a: Rotom|94/100|[from] Sandstorm
|-damage|p1a: Rotom|82/100|[from] Leech Seed|[of] p2a: Ferrothorn
|upkeep
|turn|3
|
|switch|p2a: Tyranitar|Tyranitar, F|100/100
|-damage|p2a: Tyranitar|88/100|[from] Stealth Rock
|move|p1a: Rotom|Thunder Wave|p2a: Tyranitar
|-status|p2a: Tyranitar|par
|
|-weather|Sandstorm|[upkeep]
|-damage|p1a: Rotom|76/100|[from] Sandstorm
|-damage|p1a: Rotom|63/100|[from] Leech Seed|[of] p2a: Tyranitar
|-heal|p2a: Tyranitar|97/100 par|[silent]
|upkeep
|turn|4
|
|switch|p1a: Seismitoad|Seismitoad, M|100/100
|move|p2a: Tyranitar|Stone Edge|p1a: Seismitoad
|-resisted|p1a: Seismitoad
|-damage|p1a: Seismitoad|78/100
|
|-weather|Sandstorm|[upkeep]
|-heal|p1a: Seismitoad|84/100|[from] item: Leftovers
|upkeep
|turn|5
|
|switch|p2a: Ferrothorn|Ferrothorn, M|100/100
|-damage|p2a: Ferrothorn|94/100|[from] Stealth Rock
|move|p1a: Seismitoad|Scald|p2a: Ferrothorn
|-resisted|p2a: Ferrothorn
|-damage|p2a: Ferrothorn|84/100
|
|-weather|none
|-heal|p1a: Seismitoad|90/100|[from] item: Leftovers
|-heal|p2a: Ferrothorn|91/100|[from] item: Leftovers
|upkeep
|turn|6
|
|switch|p1a: Ferrothorn|Ferrothorn, F|100/100
|move|p2a: Ferrothorn|Spikes|p1a: Ferrothorn
|-sidestart|p1: QStar94|Spikes
|
|-heal|p2a: Ferrothorn|97/100|[from] item: Leftovers
|upkeep
|turn|7
|
|move|p1a: Ferrothorn|Spikes|p2a: Ferrothorn
|-sidestart|p2: ou noob training|Spikes
|move|p2a: Ferrothorn|Knock Off|p1a: Ferrothorn
|-damage|p1a: Ferrothorn|87/100
|-damage|p2a: Ferrothorn|84/100|[from] ability: Iron Barbs|[of] p1a: Ferrothorn
|-enditem|p1a: Ferrothorn|Leftovers|[from] move: Knock Off|[of] p2a: Ferrothorn
|
|-heal|p2a: Ferrothorn|91/100|[from] item: Leftovers
|upkeep
|turn|8
|
|switch|p2a: Clefable|Clefable, F|100/100
|move|p1a: Ferrothorn|Knock Off|p2a: Clefable
|-resisted|p2a: Clefable
|-damage|p2a: Clefable|88/100
|-enditem|p2a: Clefable|Life Orb|[from] move: Knock Off|[of] p1a: Ferrothorn
|
|upkeep
|turn|9
|
|switch|p1a: Sylveon|Sylveon, M|100/100
|-damage|p1a: Sylveon|88/100|[from] Spikes
|move|p2a: Clefable|Flamethrower|p1a: Sylveon
|-damage|p1a: Sylveon|72/100
|
|-heal|p1a: Sylveon|78/100|[from] item: Leftovers
|upkeep
|turn|10
|
|switch|p2a: Corsola|Corsola-Galar, F|100/100
|-damage|p2a: Corsola|88/100|[from] Spikes
|-damage|p2a: Corsola|76/100|[from] Stealth Rock
|move|p1a: Sylveon|Mystical Fire|p2a: Corsola
|-damage|p2a: Corsola|62/100
|-start|p1a: Sylveon|Disable|Mystical Fire|[from] ability: Cursed Body|[of] p2a: Corsola
|-unboost|p2a: Corsola|spa|1
|
|-heal|p1a: Sylveon|84/100|[from] item: Leftovers
|upkeep
|turn|11
|
|switch|p2a: Ferrothorn|Ferrothorn, M|91/100
|-damage|p2a: Ferrothorn|78/100|[from] Spikes
|-damage|p2a: Ferrothorn|72/100|[from] Stealth Rock
|move|p1a: Sylveon|Hyper Voice|p2a: Ferrothorn
|-resisted|p2a: Ferrothorn
|-damage|p2a: Ferrothorn|55/100
|
|-heal|p1a: Sylveon|90/100|[from] item: Leftovers
|-heal|p2a: Ferrothorn|61/100|[from] item: Leftovers
|upkeep
|turn|12
|
|move|p1a: Sylveon|Protect|p1a: Sylveon
|-singleturn|p1a: Sylveon|Protect
|move|p2a: Ferrothorn|Leech Seed|p1a: Sylveon
|-activate|p1a: Sylveon|move: Protect
|
|-heal|p1a: Sylveon|96/100|[from] item: Leftovers
|-heal|p2a: Ferrothorn|67/100|[from] item: Leftovers
|upkeep
|turn|13
|
|switch|p1a: Ferrothorn|Ferrothorn, F|87/100
|-damage|p1a: Ferrothorn|75/100|[from] Spikes
|move|p2a: Ferrothorn|Leech Seed|p1a: Ferrothorn
|-immune|p1a: Ferrothorn
|
|-heal|p2a: Ferrothorn|74/100|[from] item: Leftovers
|upkeep
|turn|14
|
|switch|p2a: Tyranitar|Tyranitar, F|97/100 par
|-damage|p2a: Tyranitar|85/100 par|[from] Stealth Rock
|-damage|p2a: Tyranitar|72/100 par|[from] Spikes
|-weather|Sandstorm|[from] ability: Sand Stream|[of] p2a: Tyranitar
|move|p1a: Ferrothorn|Spikes|p2a: Tyranitar
|-sidestart|p2: ou noob training|Spikes
|
|-weather|Sandstorm|[upkeep]
|upkeep
|turn|15
|
|switch|p2a: Excadrill|Excadrill, M|100/100
|-damage|p2a: Excadrill|84/100|[from] Spikes
|-damage|p2a: Excadrill|81/100|[from] Stealth Rock
|move|p1a: Ferrothorn|Leech Seed|p2a: Excadrill
|-start|p2a: Excadrill|move: Leech Seed
|
|-weather|Sandstorm|[upkeep]
|-damage|p2a: Excadrill|68/100|[from] Leech Seed|[of] p1a: Ferrothorn
|-heal|p1a: Ferrothorn|88/100|[silent]
|upkeep
|turn|16
|
|move|p2a: Excadrill|Rapid Spin|p1a: Ferrothorn
|-resisted|p1a: Ferrothorn
|-damage|p1a: Ferrothorn|81/100
|-damage|p2a: Excadrill|56/100|[from] ability: Iron Barbs|[of] p1a: Ferrothorn
|-end|p2a: Excadrill|Leech Seed|[from] move: Rapid Spin|[of] p2a: Excadrill
|-sideend|p2: ou noob training|Spikes|[from] move: Rapid Spin|[of] p2a: Excadrill
|-sideend|p2: ou noob training|Stealth Rock|[from] move: Rapid Spin|[of] p2a: Excadrill
|-boost|p2a: Excadrill|spe|1
|-damage|p2a: Excadrill|46/100|[from] item: Life Orb
|move|p1a: Ferrothorn|Power Whip|p2a: Excadrill
|-damage|p2a: Excadrill|0 fnt
|faint|p2a: Excadrill
|
|-weather|Sandstorm|[upkeep]
|upkeep
|
|switch|p2a: Clefable|Clefable, F|88/100
|turn|17
|
|switch|p1a: Sylveon|Sylveon, M|96/100
|-damage|p1a: Sylveon|84/100|[from] Spikes
|move|p2a: Clefable|Flamethrower|p1a: Sylveon
|-damage|p1a: Sylveon|67/100
|
|-weather|Sandstorm|[upkeep]
|-damage|p1a: Sylveon|61/100|[from] Sandstorm
|-heal|p1a: Sylveon|67/100|[from] item: Leftovers
|upkeep
|turn|18
|
|switch|p2a: Ferrothorn|Ferrothorn, M|74/100
|move|p1a: Sylveon|Wish|p1a: Sylveon
|
|-weather|none
|-heal|p1a: Sylveon|73/100|[from] item: Leftovers
|-heal|p2a: Ferrothorn|80/100|[from] item: Leftovers
|upkeep
|turn|19
|
|switch|p1a: Rotom|Rotom-Heat, shiny|63/100
|switch|p2a: Clefable|Clefable, F|88/100
|
|-heal|p1a: Rotom|100/100|[from] move: Wish|[wisher] Sylveon
|upkeep
|turn|20
|
|switch|p2a: Tyranitar|Tyranitar, F|72/100 par
|-weather|Sandstorm|[from] ability: Sand Stream|[of] p2a: Tyranitar
|move|p1a: Rotom|Trick|p2a: Tyranitar
|-activate|p1a: Rotom|move: Trick|[of] p2a: Tyranitar
|-item|p2a: Tyranitar|Choice Scarf|[from] move: Trick
|-item|p1a: Rotom|Assault Vest|[from] move: Trick
|
|-weather|Sandstorm|[upkeep]
|-damage|p1a: Rotom|94/100|[from] Sandstorm
|upkeep
|turn|21
|
|move|p1a: Rotom|Volt Switch|p2a: Tyranitar
|-damage|p2a: Tyranitar|51/100 par
|
|switch|p1a: Seismitoad|Seismitoad, M|90/100|[from]move: Volt Switch
|-damage|p1a: Seismitoad|78/100|[from] Spikes
|move|p2a: Tyranitar|Crunch|p1a: Seismitoad
|-damage|p1a: Seismitoad|45/100
|
|-weather|Sandstorm|[upkeep]
|-heal|p1a: Seismitoad|51/100|[from] item: Leftovers
|upkeep
|turn|22
|
|move|p1a: Seismitoad|Stealth Rock|p2a: Tyranitar
|-sidestart|p2: ou noob training|move: Stealth Rock
|cant|p2a: Tyranitar|par
|
|-weather|Sandstorm|[upkeep]
|-heal|p1a: Seismitoad|57/100|[from] item: Leftovers
|upkeep
|turn|23
|
|switch|p1a: Sylveon|Sylveon, M|73/100
|-damage|p1a: Sylveon|61/100|[from] Spikes
|move|p2a: Tyranitar|Crunch|p1a: Sylveon
|-resisted|p1a: Sylveon
|-damage|p1a: Sylveon|38/100
|
|-weather|Sandstorm|[upkeep]
|-damage|p1a: Sylveon|32/100|[from] Sandstorm
|-heal|p1a: Sylveon|38/100|[from] item: Leftovers
|upkeep
|turn|24
|
|move|p2a: Tyranitar|Crunch|p1a: Sylveon
|-resisted|p1a: Sylveon
|-damage|p1a: Sylveon|15/100
|move|p1a: Sylveon|Wish|p1a: Sylveon
|
|-weather|none
|-heal|p1a: Sylveon|21/100|[from] item: Leftovers
|upkeep
|turn|25
|
|move|p1a: Sylveon|Protect|p1a: Sylveon
|-singleturn|p1a: Sylveon|Protect
|move|p2a: Tyranitar|Crunch|p1a: Sylveon
|-activate|p1a: Sylveon|move: Protect
|
|-heal|p1a: Sylveon|71/100|[from] move: Wish|[wisher] Sylveon
|-heal|p1a: Sylveon|77/100|[from] item: Leftovers
|upkeep
|turn|26
|
|switch|p2a: Corsola|Corsola-Galar, F|62/100
|-damage|p2a: Corsola|50/100|[from] Stealth Rock
|move|p1a: Sylveon|Wish|p1a: Sylveon
|
|-heal|p1a: Sylveon|83/100|[from] item: Leftovers
|upkeep
|turn|27
|
|switch|p1a: Seismitoad|Seismitoad, M|57/100
|-damage|p1a: Seismitoad|45/100|[from] Spikes
|move|p2a: Corsola|Strength Sap|p1a: Seismitoad
|-unboost|p1a: Seismitoad|atk|1
|-heal|p2a: Corsola|100/100
|
|-heal|p1a: Seismitoad|92/100|[from] move: Wish|[wisher] Sylveon
|-heal|p1a: Seismitoad|98/100|[from] item: Leftovers
|upkeep
|turn|28
|
|move|p1a: Seismitoad|Toxic|p2a: Corsola
|-status|p2a: Corsola|tox
|move|p2a: Corsola|Stealth Rock|p1a: Seismitoad
|-sidestart|p1: QStar94|move: Stealth Rock
|
|-heal|p1a: Seismitoad|100/100|[from] item: Leftovers
|-damage|p2a: Corsola|94/100 tox|[from] psn
|upkeep
|turn|29
|
|switch|p1a: Ferrothorn|Ferrothorn, F|81/100
|-damage|p1a: Ferrothorn|74/100|[from] Stealth Rock
|-damage|p1a: Ferrothorn|62/100|[from] Spikes
|move|p2a: Corsola|Will-O-Wisp|p1a: Ferrothorn
|-status|p1a: Ferrothorn|brn
|
|-damage|p2a: Corsola|82/100 tox|[from] psn
|-damage|p1a: Ferrothorn|56/100 brn|[from] brn
|upkeep
|turn|30
|
|switch|p2a: Tyranitar|Tyranitar, F|51/100 par
|-damage|p2a: Tyranitar|39/100 par|[from] Stealth Rock
|-weather|Sandstorm|[from] ability: Sand Stream|[of] p2a: Tyranitar
|move|p1a: Ferrothorn|Knock Off|p2a: Tyranitar
|-resisted|p2a: Tyranitar
|-damage|p2a: Tyranitar|34/100 par
|-enditem|p2a: Tyranitar|Choice Scarf|[from] move: Knock Off|[of] p1a: Ferrothorn
|
|-weather|Sandstorm|[upkeep]
|-damage|p1a: Ferrothorn|49/100 brn|[from] brn
|upkeep
|turn|31
|
|cant|p2a: Tyranitar|par
|move|p1a: Ferrothorn|Spikes|p2a: Tyranitar
|-sidestart|p2: ou noob training|Spikes
|
|-weather|Sandstorm|[upkeep]
|-damage|p1a: Ferrothorn|43/100 brn|[from] brn
|upkeep
|turn|32
|
|switch|p1a: Seismitoad|Seismitoad, M|100/100
|-damage|p1a: Seismitoad|94/100|[from] Stealth Rock
|-damage|p1a: Seismitoad|82/100|[from] Spikes
|move|p2a: Tyranitar|Superpower|p1a: Seismitoad
|-damage|p1a: Seismitoad|51/100
|-unboost|p2a: Tyranitar|atk|1
|-unboost|p2a: Tyranitar|def|1
|
|-weather|Sandstorm|[upkeep]
|-heal|p1a: Seismitoad|57/100|[from] item: Leftovers
|upkeep
|turn|33
|
|switch|p1a: Sylveon|Sylveon, M|83/100
|-damage|p1a: Sylveon|71/100|[from] Spikes
|-damage|p1a: Sylveon|59/100|[from] Stealth Rock
|move|p2a: Tyranitar|Crunch|p1a: Sylveon
|-resisted|p1a: Sylveon
|-damage|p1a: Sylveon|44/100
|-unboost|p1a: Sylveon|def|1
|
|-weather|Sandstorm|[upkeep]
|-damage|p1a: Sylveon|38/100|[from] Sandstorm
|-heal|p1a: Sylveon|44/100|[from] item: Leftovers
|upkeep
|turn|34
|
|switch|p2a: Clefable|Clefable, F|88/100
|move|p1a: Sylveon|Wish|p1a: Sylveon
|
|-weather|none
|-heal|p1a: Sylveon|50/100|[from] item: Leftovers
|upkeep
|turn|35
|
|move|p1a: Sylveon|Protect|p1a: Sylveon
|-singleturn|p1a: Sylveon|Protect
|move|p2a: Clefable|Moonblast|p1a: Sylveon
|-activate|p1a: Sylveon|move: Protect
|
|-heal|p1a: Sylveon|100/100|[from] move: Wish|[wisher] Sylveon
|upkeep
|turn|36
|
|move|p2a: Clefable|Moonblast|p1a: Sylveon
|-damage|p1a: Sylveon|72/100
|-unboost|p1a: Sylveon|spa|1
|move|p1a: Sylveon|Mystical Fire|p2a: Clefable
|-damage|p2a: Clefable|76/100
|-unboost|p2a: Clefable|spa|1
|
|-heal|p1a: Sylveon|78/100|[from] item: Leftovers
|upkeep
|turn|37
|
|switch|p2a: Tyranitar|Tyranitar, F|34/100 par
|-damage|p2a: Tyranitar|22/100 par|[from] Stealth Rock
|-damage|p2a: Tyranitar|10/100 par|[from] Spikes
|-weather|Sandstorm|[from] ability: Sand Stream|[of] p2a: Tyranitar
|move|p1a: Sylveon|Wish|p1a: Sylveon
|
|-weather|Sandstorm|[upkeep]
|-damage|p1a: Sylveon|72/100|[from] Sandstorm
|-heal|p1a: Sylveon|78/100|[from] item: Leftovers
|upkeep
|turn|38
|
|switch|p1a: Ferrothorn|Ferrothorn, F|43/100 brn
|-damage|p1a: Ferrothorn|37/100 brn|[from] Stealth Rock
|-damage|p1a: Ferrothorn|24/100 brn|[from] Spikes
|move|p2a: Tyranitar|Stone Edge|p1a: Ferrothorn
|-resisted|p1a: Ferrothorn
|-damage|p1a: Ferrothorn|8/100 brn
|
|-weather|Sandstorm|[upkeep]
|-heal|p1a: Ferrothorn|64/100 brn|[from] move: Wish|[wisher] Sylveon
|-damage|p1a: Ferrothorn|58/100 brn|[from] brn
|upkeep
|turn|39
|
|switch|p1a: Sylveon|Sylveon, M|78/100
|-damage|p1a: Sylveon|65/100|[from] Stealth Rock
|-damage|p1a: Sylveon|53/100|[from] Spikes
|move|p2a: Tyranitar|Superpower|p1a: Sylveon
|-resisted|p1a: Sylveon
|-damage|p1a: Sylveon|31/100
|-unboost|p2a: Tyranitar|atk|1
|-unboost|p2a: Tyranitar|def|1
|
|-weather|Sandstorm|[upkeep]
|-damage|p1a: Sylveon|25/100|[from] Sandstorm
|-heal|p1a: Sylveon|31/100|[from] item: Leftovers
|upkeep
|turn|40
|
|move|p1a: Sylveon|Wish|p1a: Sylveon
|move|p2a: Tyranitar|Stone Edge|p1a: Sylveon
|-damage|p1a: Sylveon|0 fnt
|faint|p1a: Sylveon
|
|-weather|Sandstorm|[upkeep]
|upkeep
|
|switch|p1a: Rotom|Rotom-Heat, shiny|94/100
|-damage|p1a: Rotom|69/100|[from] Stealth Rock
|turn|41
|
|move|p1a: Rotom|Volt Switch|p2a: Tyranitar
|-damage|p2a: Tyranitar|0 fnt
|faint|p2a: Tyranitar
|
|switch|p1a: Dragapult|Dragapult, M|100/100|[from]move: Volt Switch
|-damage|p1a: Dragapult|88/100|[from] Stealth Rock
|-damage|p1a: Dragapult|76/100|[from] Spikes
|
|-weather|none
|-heal|p1a: Dragapult|100/100|[from] move: Wish|[wisher] Sylveon
|upkeep
|
|switch|p2a: Clefable|Clefable, F|76/100
|turn|42
|
|move|p1a: Dragapult|Shadow Ball|p2a: Clefable
|-damage|p2a: Clefable|22/100
|-unboost|p2a: Clefable|spd|1
|move|p2a: Clefable|Moonblast|p1a: Dragapult
|-supereffective|p1a: Dragapult
|-damage|p1a: Dragapult|0 fnt
|faint|p1a: Dragapult
|
|upkeep
|
|switch|p1a: Rotom|Rotom-Heat, shiny|69/100
|-damage|p1a: Rotom|44/100|[from] Stealth Rock
|turn|43
|
|switch|p2a: Corsola|Corsola-Galar, F|82/100 tox
|-damage|p2a: Corsola|70/100 tox|[from] Spikes
|-damage|p2a: Corsola|57/100 tox|[from] Stealth Rock
|move|p1a: Rotom|Volt Switch|p2a: Corsola
|-damage|p2a: Corsola|36/100 tox
|
|switch|p1a: Mandibuzz|Mandibuzz, F, shiny|100/100|[from]move: Volt Switch
|
|-damage|p2a: Corsola|30/100 tox|[from] psn
|upkeep
|turn|44
|
|move|p1a: Mandibuzz|Taunt|p2a: Corsola
|-start|p2a: Corsola|move: Taunt
|cant|p2a: Corsola|move: Taunt|Strength Sap
|
|-damage|p2a: Corsola|17/100 tox|[from] psn
|upkeep
|turn|45
|
|switch|p2a: Dragapult|Dragapult, F|100/100
|-damage|p2a: Dragapult|88/100|[from] Spikes
|-damage|p2a: Dragapult|76/100|[from] Stealth Rock
|move|p1a: Mandibuzz|Knock Off|p2a: Dragapult
|-supereffective|p2a: Dragapult
|-damage|p2a: Dragapult|17/100
|-enditem|p2a: Dragapult|Choice Specs|[from] move: Knock Off|[of] p1a: Mandibuzz
|
|upkeep
|turn|46
|
|move|p2a: Dragapult|Draco Meteor|p1a: Mandibuzz|[miss]
|-miss|p2a: Dragapult|p1a: Mandibuzz
|move|p1a: Mandibuzz|Knock Off|p2a: Dragapult
|-supereffective|p2a: Dragapult
|-damage|p2a: Dragapult|0 fnt
|faint|p2a: Dragapult
|
|upkeep
|
|switch|p2a: Clefable|Clefable, F|22/100
|turn|47
|
|switch|p2a: Ferrothorn|Ferrothorn, M|80/100
|-damage|p2a: Ferrothorn|67/100|[from] Spikes
|-damage|p2a: Ferrothorn|61/100|[from] Stealth Rock
|move|p1a: Mandibuzz|Taunt|p2a: Ferrothorn
|-start|p2a: Ferrothorn|move: Taunt
|
|-heal|p2a: Ferrothorn|67/100|[from] item: Leftovers
|upkeep
|turn|48
|
|move|p1a: Mandibuzz|Defog|p2a: Ferrothorn
|-unboost|p2a: Ferrothorn|evasion|1
|-sideend|p2: ou noob training|Spikes|[from] move: Defog|[of] p1a: Mandibuzz
|-sideend|p2: ou noob training|Stealth Rock|[from] move: Defog|[of] p1a: Mandibuzz
|-sideend|p1: QStar94|Spikes|[from] move: Defog|[of] p1a: Mandibuzz
|-sideend|p1: QStar94|Stealth Rock|[from] move: Defog|[of] p1a: Mandibuzz
|move|p2a: Ferrothorn|Knock Off|p1a: Mandibuzz
|-resisted|p1a: Mandibuzz
|-crit|p1a: Mandibuzz
|-damage|p1a: Mandibuzz|89/100
|-enditem|p1a: Mandibuzz|Heavy-Duty Boots|[from] move: Knock Off|[of] p2a: Ferrothorn
|
|-heal|p2a: Ferrothorn|74/100|[from] item: Leftovers
|upkeep
|turn|49
|inactive|Battle timer is ON: inactive players will automatically lose when time's up. (requested by ou noob training)
|
|switch|p1a: Ferrothorn|Ferrothorn, F|58/100 brn
|switch|p2a: Corsola|Corsola-Galar, F|17/100 tox
|
|-damage|p2a: Corsola|11/100 tox|[from] psn
|-damage|p1a: Ferrothorn|52/100 brn|[from] brn
|upkeep
|turn|50
|
|move|p2a: Corsola|Strength Sap|p1a: Ferrothorn
|-unboost|p1a: Ferrothorn|atk|1
|-heal|p2a: Corsola|80/100 tox
|move|p1a: Ferrothorn|Knock Off|p2a: Corsola
|-supereffective|p2a: Corsola
|-damage|p2a: Corsola|73/100 tox
|-enditem|p2a: Corsola|Eviolite|[from] move: Knock Off|[of] p1a: Ferrothorn
|
|-damage|p2a: Corsola|60/100 tox|[from] psn
|-damage|p1a: Ferrothorn|45/100 brn|[from] brn
|upkeep
|turn|51
|
|move|p2a: Corsola|Stealth Rock|p1a: Ferrothorn
|-sidestart|p1: QStar94|move: Stealth Rock
|move|p1a: Ferrothorn|Leech Seed|p2a: Corsola
|-start|p2a: Corsola|move: Leech Seed
|
|-damage|p2a: Corsola|48/100 tox|[from] Leech Seed|[of] p1a: Ferrothorn
|-heal|p1a: Ferrothorn|57/100 brn|[silent]
|-damage|p2a: Corsola|30/100 tox|[from] psn
|-damage|p1a: Ferrothorn|50/100 brn|[from] brn
|upkeep
|turn|52
|
|switch|p2a: Ferrothorn|Ferrothorn, M|74/100
|move|p1a: Ferrothorn|Power Whip|p2a: Ferrothorn|[miss]
|-miss|p1a: Ferrothorn|p2a: Ferrothorn
|
|-heal|p2a: Ferrothorn|80/100|[from] item: Leftovers
|-damage|p1a: Ferrothorn|44/100 brn|[from] brn
|upkeep
|turn|53
|
|move|p1a: Ferrothorn|Spikes|p2a: Ferrothorn
|-sidestart|p2: ou noob training|Spikes
|move|p2a: Ferrothorn|Leech Seed|p1a: Ferrothorn
|-immune|p1a: Ferrothorn
|
|-heal|p2a: Ferrothorn|86/100|[from] item: Leftovers
|-damage|p1a: Ferrothorn|38/100 brn|[from] brn
|upkeep
|turn|54
|
|switch|p2a: Corsola|Corsola-Galar, F|30/100 tox
|-damage|p2a: Corsola|17/100 tox|[from] Spikes
|move|p1a: Ferrothorn|Spikes|p2a: Corsola
|-sidestart|p2: ou noob training|Spikes
|
|-damage|p2a: Corsola|11/100 tox|[from] psn
|-damage|p1a: Ferrothorn|32/100 brn|[from] brn
|upkeep
|turn|55
|
|move|p2a: Corsola|Night Shade|p1a: Ferrothorn
|-damage|p1a: Ferrothorn|3/100 brn
|move|p1a: Ferrothorn|Power Whip|p2a: Corsola
|-damage|p2a: Corsola|2/100 tox
|
|-damage|p2a: Corsola|0 fnt|[from] psn
|faint|p2a: Corsola
|-damage|p1a: Ferrothorn|0 fnt|[from] brn
|faint|p1a: Ferrothorn
|upkeep
|
|switch|p2a: Clefable|Clefable, F|22/100
|switch|p1a: Rotom|Rotom-Heat, shiny|44/100
|-damage|p1a: Rotom|20/100|[from] Stealth Rock
|turn|56
|
|switch|p2a: Ferrothorn|Ferrothorn, M|86/100
|-damage|p2a: Ferrothorn|70/100|[from] Spikes
|move|p1a: Rotom|Overheat|p2a: Ferrothorn
|-supereffective|p2a: Ferrothorn
|-damage|p2a: Ferrothorn|0 fnt
|-unboost|p1a: Rotom|spa|2
|faint|p2a: Ferrothorn
|
|upkeep
|
|switch|p2a: Clefable|Clefable, F|22/100
|turn|57
|
|move|p1a: Rotom|Overheat|p2a: Clefable|[miss]
|-miss|p1a: Rotom|p2a: Clefable
|move|p2a: Clefable|Moonblast|p1a: Rotom
|-resisted|p1a: Rotom
|-damage|p1a: Rotom|0 fnt
|faint|p1a: Rotom
|
|upkeep
|
|switch|p1a: Seismitoad|Seismitoad, M|57/100
|-damage|p1a: Seismitoad|51/100|[from] Stealth Rock
|turn|58
|
|move|p1a: Seismitoad|Earth Power|p2a: Clefable
|-damage|p2a: Clefable|0 fnt
|faint|p2a: Clefable
|
|win|QStar94
|l|☆ou noob training
|c|☆QStar94|Gg
|raw|QStar94's rating: 1348 → 1367(+19 for winning)
|raw|ou noob training's rating: 1329 → 1310(-19 for losing)
