|ScrapeTime|2020-01-03-01:54:57
|j|☆TheModelCitizen
|j|☆Tonibal
|player|p1|TheModelCitizen|102|1425
|player|p2|Tonibal|plasmagrunt|1413
|teamsize|p1|6
|teamsize|p2|6
|gametype|singles
|gen|8
|tier|[Gen 8] OU
|rated|
|rule|Sleep Clause Mod: Limit one foe put to sleep
|rule|Species Clause: Limit one of each Pokémon
|rule|OHKO Clause: OHKO moves are banned
|rule|Evasion Moves Clause: Evasion moves are banned
|rule|Endless Battle Clause: Forcing endless battles is banned
|rule|HP Percentage Mod: HP is shown in percentages
|clearpoke
|poke|p1|Excadrill, F|
|poke|p1|Jellicent, M|
|poke|p1|Ferrothorn, F|
|poke|p1|Sylveon, M|
|poke|p1|Rotom-Heat|
|poke|p1|Hydreigon, M|
|poke|p2|Toxtricity-Low-Key, M|
|poke|p2|Dracovish|
|poke|p2|Cloyster, F|
|poke|p2|Clefable, F|
|poke|p2|Kommo-o, F|
|poke|p2|Grimmsnarl, M|
|rule|Dynamax Clause: You cannot dynamax
|teampreview
|inactive|Battle timer is ON: inactive players will automatically lose when time's up. (requested by TheModelCitizen)
|
|start
|switch|p1a: Excadrill|Excadrill, F|100/100
|switch|p2a: Dracovish|Dracovish|100/100
|-ability|p1a: Excadrill|Mold Breaker
|turn|1
|
|switch|p1a: Ferrothorn|Ferrothorn, F|100/100
|move|p2a: Dracovish|Fishious Rend|p1a: Ferrothorn
|-resisted|p1a: Ferrothorn
|-damage|p1a: Ferrothorn|37/100
|-damage|p2a: Dracovish|88/100|[from] ability: Iron Barbs|[of] p1a: Ferrothorn
|-damage|p2a: Dracovish|72/100|[from] item: Rocky Helmet|[of] p1a: Ferrothorn
|
|upkeep
|turn|2
|
|switch|p1a: Jellicent|Jellicent, M|100/100
|move|p2a: Dracovish|Fishious Rend|p1a: Jellicent
|-immune|p1a: Jellicent|[from] ability: Water Absorb
|
|upkeep
|turn|3
|
|switch|p2a: Toxtricity|Toxtricity-Low-Key, M|100/100
|move|p1a: Jellicent|Taunt|p2a: Toxtricity
|-start|p2a: Toxtricity|move: Taunt
|
|upkeep
|turn|4
|
|switch|p2a: Cloyster|Cloyster, F|100/100
|switch|p1a: Excadrill|Excadrill, F|100/100
|-ability|p1a: Excadrill|Mold Breaker
|
|upkeep
|turn|5
|
|switch|p1a: Jellicent|Jellicent, M|100/100
|move|p2a: Cloyster|Shell Smash|p2a: Cloyster
|-unboost|p2a: Cloyster|def|1
|-unboost|p2a: Cloyster|spd|1
|-boost|p2a: Cloyster|atk|2
|-boost|p2a: Cloyster|spa|2
|-boost|p2a: Cloyster|spe|2
|
|upkeep
|turn|6
|
|switch|p2a: Grimmsnarl|Grimmsnarl, M|100/100
|move|p1a: Jellicent|Scald|p2a: Grimmsnarl
|-damage|p2a: Grimmsnarl|69/100
|-status|p2a: Grimmsnarl|brn
|
|-damage|p2a: Grimmsnarl|63/100 brn|[from] brn
|upkeep
|turn|7
|
|switch|p1a: Sylveon|Sylveon, M|100/100
|move|p2a: Grimmsnarl|Taunt|p1a: Sylveon
|-start|p1a: Sylveon|move: Taunt
|
|-damage|p2a: Grimmsnarl|57/100 brn|[from] brn
|upkeep
|turn|8
|
|switch|p2a: Clefable|Clefable, F|100/100
|move|p1a: Sylveon|Hyper Voice|p2a: Clefable
|-damage|p2a: Clefable|70/100
|
|-heal|p2a: Clefable|76/100|[from] item: Leftovers
|upkeep
|turn|9
|
|move|p1a: Sylveon|Hyper Voice|p2a: Clefable
|-damage|p2a: Clefable|43/100
|move|p2a: Clefable|Wish|p2a: Clefable
|
|-heal|p2a: Clefable|49/100|[from] item: Leftovers
|-end|p1a: Sylveon|move: Taunt
|upkeep
|turn|10
|
|switch|p1a: Excadrill|Excadrill, F|100/100
|-ability|p1a: Excadrill|Mold Breaker
|move|p2a: Clefable|Wish||[still]
|-fail|p2a: Clefable
|
|-heal|p2a: Clefable|99/100|[from] move: Wish|[wisher] Clefable
|-heal|p2a: Clefable|100/100|[from] item: Leftovers
|upkeep
|turn|11
|
|switch|p2a: Grimmsnarl|Grimmsnarl, M|57/100 brn
|move|p1a: Excadrill|Iron Head|p2a: Grimmsnarl
|-supereffective|p2a: Grimmsnarl
|-damage|p2a: Grimmsnarl|0 fnt
|faint|p2a: Grimmsnarl
|
|upkeep
|
|switch|p2a: Cloyster|Cloyster, F|100/100
|turn|12
|
|switch|p1a: Jellicent|Jellicent, M|100/100
|move|p2a: Cloyster|Shell Smash|p2a: Cloyster
|-unboost|p2a: Cloyster|def|1
|-unboost|p2a: Cloyster|spd|1
|-boost|p2a: Cloyster|atk|2
|-boost|p2a: Cloyster|spa|2
|-boost|p2a: Cloyster|spe|2
|
|upkeep
|turn|13
|
|move|p2a: Cloyster|Rock Blast|p1a: Jellicent
|-damage|p1a: Jellicent|89/100
|-damage|p1a: Jellicent|78/100
|-damage|p1a: Jellicent|67/100
|-damage|p1a: Jellicent|55/100
|-damage|p1a: Jellicent|42/100
|-hitcount|p1a: Jellicent|5
|move|p1a: Jellicent|Strength Sap|p2a: Cloyster
|-unboost|p2a: Cloyster|atk|1
|-heal|p1a: Jellicent|100/100
|
|upkeep
|turn|14
|
|switch|p2a: Toxtricity|Toxtricity-Low-Key, M|100/100
|move|p1a: Jellicent|Scald|p2a: Toxtricity
|-damage|p2a: Toxtricity|62/100
|-status|p2a: Toxtricity|brn
|
|-damage|p2a: Toxtricity|56/100 brn|[from] brn
|upkeep
|turn|15
|
|switch|p1a: Excadrill|Excadrill, F|100/100
|-ability|p1a: Excadrill|Mold Breaker
|move|p2a: Toxtricity|Overdrive|p1a: Excadrill
|-immune|p1a: Excadrill
|
|-damage|p2a: Toxtricity|50/100 brn|[from] brn
|upkeep
|turn|16
|
|move|p1a: Excadrill|Earthquake|p2a: Toxtricity
|-supereffective|p2a: Toxtricity
|-damage|p2a: Toxtricity|0 fnt
|faint|p2a: Toxtricity
|
|upkeep
|
|switch|p2a: Kommo-o|Kommo-o, F|100/100
|turn|17
|
|switch|p1a: Sylveon|Sylveon, M|100/100
|move|p2a: Kommo-o|Belly Drum|p2a: Kommo-o
|-damage|p2a: Kommo-o|50/100
|-setboost|p2a: Kommo-o|atk|6|[from] move: Belly Drum
|
|upkeep
|turn|18
|
|switch|p1a: Ferrothorn|Ferrothorn, F|37/100
|move|p2a: Kommo-o|Substitute|p2a: Kommo-o
|-start|p2a: Kommo-o|Substitute
|-damage|p2a: Kommo-o|25/100
|-enditem|p2a: Kommo-o|Salac Berry|[eat]
|-boost|p2a: Kommo-o|spe|1
|
|upkeep
|turn|19
|
|move|p2a: Kommo-o|Drain Punch|p1a: Ferrothorn
|-supereffective|p1a: Ferrothorn
|-damage|p1a: Ferrothorn|0 fnt
|-heal|p2a: Kommo-o|47/100|[from] drain|[of] p1a: Ferrothorn
|-damage|p2a: Kommo-o|34/100|[from] ability: Iron Barbs|[of] p1a: Ferrothorn
|-damage|p2a: Kommo-o|18/100|[from] item: Rocky Helmet|[of] p1a: Ferrothorn
|faint|p1a: Ferrothorn
|
|upkeep
|
|switch|p1a: Sylveon|Sylveon, M|100/100
|turn|20
|
|move|p2a: Kommo-o|Earthquake|p1a: Sylveon
|-damage|p1a: Sylveon|0 fnt
|faint|p1a: Sylveon
|
|upkeep
|
|switch|p1a: Jellicent|Jellicent, M|100/100
|turn|21
|
|move|p2a: Kommo-o|Earthquake|p1a: Jellicent
|-damage|p1a: Jellicent|4/100
|move|p1a: Jellicent|Night Shade|p2a: Kommo-o
|-end|p2a: Kommo-o|Substitute
|
|-heal|p1a: Jellicent|10/100|[from] item: Leftovers
|upkeep
|turn|22
|
|move|p2a: Kommo-o|Earthquake|p1a: Jellicent
|-damage|p1a: Jellicent|0 fnt
|faint|p1a: Jellicent
|
|upkeep
|
|switch|p1a: Rotom|Rotom-Heat|100/100
|turn|23
|
|move|p1a: Rotom|Thunderbolt|p2a: Kommo-o
|-resisted|p2a: Kommo-o
|-damage|p2a: Kommo-o|0 fnt
|faint|p2a: Kommo-o
|
|upkeep
|
|switch|p2a: Cloyster|Cloyster, F|100/100
|turn|24
|
|move|p1a: Rotom|Thunderbolt|p2a: Cloyster
|-supereffective|p2a: Cloyster
|-enditem|p2a: Cloyster|Focus Sash
|-damage|p2a: Cloyster|1/100
|move|p2a: Cloyster|Shell Smash|p2a: Cloyster
|-unboost|p2a: Cloyster|def|1
|-unboost|p2a: Cloyster|spd|1
|-boost|p2a: Cloyster|atk|2
|-boost|p2a: Cloyster|spa|2
|-boost|p2a: Cloyster|spe|2
|
|upkeep
|turn|25
|
|move|p2a: Cloyster|Rock Blast|p1a: Rotom
|-supereffective|p1a: Rotom
|-damage|p1a: Rotom|62/100
|-supereffective|p1a: Rotom
|-damage|p1a: Rotom|27/100
|-supereffective|p1a: Rotom
|-damage|p1a: Rotom|0 fnt
|-hitcount|p1a: Rotom|3
|faint|p1a: Rotom
|
|upkeep
|
|switch|p1a: Excadrill|Excadrill, F|100/100
|-ability|p1a: Excadrill|Mold Breaker
|turn|26
|
|move|p2a: Cloyster|Icicle Spear|p1a: Excadrill
|-damage|p1a: Excadrill|70/100
|-damage|p1a: Excadrill|42/100
|-damage|p1a: Excadrill|11/100
|-damage|p1a: Excadrill|0 fnt
|-hitcount|p1a: Excadrill|4
|faint|p1a: Excadrill
|
|upkeep
|
|switch|p1a: Hydreigon|Hydreigon, M|100/100
|turn|27
|
|move|p2a: Cloyster|Icicle Spear|p1a: Hydreigon
|-supereffective|p1a: Hydreigon
|-damage|p1a: Hydreigon|54/100
|-supereffective|p1a: Hydreigon
|-damage|p1a: Hydreigon|7/100
|-supereffective|p1a: Hydreigon
|-damage|p1a: Hydreigon|0 fnt
|-hitcount|p1a: Hydreigon|3
|faint|p1a: Hydreigon
|
|win|Tonibal
|c|☆TheModelCitizen|gg
|raw|TheModelCitizen's rating: 1425 → 1404(-21 for losing)
|raw|Tonibal's rating: 1413 → 1433(+20 for winning)
