|ScrapeTime|2020-01-03-01:51:09
|j|☆Snow Blindness
|j|☆StarLi
|player|p1|Snow Blindness|skierf-gen4dp|1437
|player|p2|StarLi|130|1432
|teamsize|p1|6
|teamsize|p2|6
|gametype|singles
|gen|8
|tier|[Gen 8] OU
|rated|
|rule|Sleep Clause Mod: Limit one foe put to sleep
|rule|Species Clause: Limit one of each Pokémon
|rule|OHKO Clause: OHKO moves are banned
|rule|Evasion Moves Clause: Evasion moves are banned
|rule|Endless Battle Clause: Forcing endless battles is banned
|rule|HP Percentage Mod: HP is shown in percentages
|clearpoke
|poke|p1|Toxtricity, F|
|poke|p1|Cinderace, M|
|poke|p1|Corviknight, F|
|poke|p1|Conkeldurr, M|
|poke|p1|Seismitoad, F|
|poke|p1|Dragapult, F|
|poke|p2|Crawdaunt, M|
|poke|p2|Tyranitar, F|
|poke|p2|Rotom-Wash|
|poke|p2|Excadrill, F|
|poke|p2|Dragapult, F|
|poke|p2|Corviknight, M|
|rule|Dynamax Clause: You cannot dynamax
|teampreview
|c|☆Snow Blindness|I just lost to a god super flinch
|c|☆Snow Blindness|don’t do the same
|
|start
|switch|p1a: Seismitoad|Seismitoad, F|100/100
|switch|p2a: Excadrill|Excadrill, F|100/100
|-ability|p2a: Excadrill|Mold Breaker
|turn|1
|inactive|Battle timer is ON: inactive players will automatically lose when time's up. (requested by Snow Blindness)
|
|move|p2a: Excadrill|Stealth Rock|p1a: Seismitoad
|-sidestart|p1: Snow Blindness|move: Stealth Rock
|move|p1a: Seismitoad|Scald|p2a: Excadrill
|-supereffective|p2a: Excadrill
|-damage|p2a: Excadrill|32/100
|
|upkeep
|turn|2
|
|move|p2a: Excadrill|Earthquake|p1a: Seismitoad
|-damage|p1a: Seismitoad|63/100
|move|p1a: Seismitoad|Stealth Rock|p2a: Excadrill
|-sidestart|p2: StarLi|move: Stealth Rock
|
|-heal|p1a: Seismitoad|69/100|[from] item: Leftovers
|upkeep
|turn|3
|
|switch|p1a: Corviknight|Corviknight, F|100/100
|-damage|p1a: Corviknight|88/100|[from] Stealth Rock
|-ability|p1a: Corviknight|Pressure
|move|p2a: Excadrill|Rapid Spin|p1a: Corviknight
|-resisted|p1a: Corviknight
|-damage|p1a: Corviknight|80/100
|-sideend|p2: StarLi|Stealth Rock|[from] move: Rapid Spin|[of] p2a: Excadrill
|-boost|p2a: Excadrill|spe|1
|
|-heal|p1a: Corviknight|87/100|[from] item: Leftovers
|upkeep
|turn|4
|
|switch|p2a: Crawdaunt|Crawdaunt, M|100/100
|move|p1a: Corviknight|Substitute|p1a: Corviknight
|-start|p1a: Corviknight|Substitute
|-damage|p1a: Corviknight|62/100
|
|-heal|p1a: Corviknight|68/100|[from] item: Leftovers
|upkeep
|turn|5
|
|move|p2a: Crawdaunt|Knock Off|p1a: Corviknight
|-end|p1a: Corviknight|Substitute
|move|p1a: Corviknight|Brave Bird|p2a: Crawdaunt
|-damage|p2a: Crawdaunt|46/100
|-damage|p1a: Corviknight|56/100|[from] Recoil
|
|-heal|p1a: Corviknight|62/100|[from] item: Leftovers
|upkeep
|turn|6
|
|switch|p2a: Tyranitar|Tyranitar, F|100/100
|-weather|Sandstorm|[from] ability: Sand Stream|[of] p2a: Tyranitar
|switch|p1a: Conkeldurr|Conkeldurr, M|100/100
|-damage|p1a: Conkeldurr|94/100|[from] Stealth Rock
|
|-weather|Sandstorm|[upkeep]
|-damage|p1a: Conkeldurr|88/100|[from] Sandstorm
|-status|p1a: Conkeldurr|brn|[from] item: Flame Orb
|upkeep
|turn|7
|
|switch|p2a: Dragapult|Dragapult, F|100/100
|move|p1a: Conkeldurr|Drain Punch|p2a: Dragapult
|-immune|p2a: Dragapult
|
|-weather|Sandstorm|[upkeep]
|-damage|p2a: Dragapult|95/100|[from] Sandstorm
|-damage|p1a: Conkeldurr|82/100 brn|[from] Sandstorm
|-damage|p1a: Conkeldurr|76/100 brn|[from] brn
|upkeep
|turn|8
|
|move|p2a: Dragapult|Draco Meteor|p1a: Conkeldurr
|-damage|p1a: Conkeldurr|7/100 brn
|-unboost|p2a: Dragapult|spa|2
|move|p1a: Conkeldurr|Earthquake|p2a: Dragapult
|-damage|p2a: Dragapult|7/100
|
|-weather|Sandstorm|[upkeep]
|-damage|p2a: Dragapult|1/100|[from] Sandstorm
|-damage|p1a: Conkeldurr|1/100 brn|[from] Sandstorm
|-damage|p1a: Conkeldurr|0 fnt|[from] brn
|faint|p1a: Conkeldurr
|upkeep
|
|switch|p1a: Corviknight|Corviknight, F|62/100
|-damage|p1a: Corviknight|50/100|[from] Stealth Rock
|-ability|p1a: Corviknight|Pressure
|turn|9
|
|switch|p2a: Tyranitar|Tyranitar, F|100/100
|move|p1a: Corviknight|Roost|p1a: Corviknight
|-heal|p1a: Corviknight|99/100
|-singleturn|p1a: Corviknight|move: Roost
|
|-weather|Sandstorm|[upkeep]
|-heal|p1a: Corviknight|100/100|[from] item: Leftovers
|upkeep
|turn|10
|
|switch|p1a: Seismitoad|Seismitoad, F|69/100
|-damage|p1a: Seismitoad|63/100|[from] Stealth Rock
|move|p2a: Tyranitar|Crunch|p1a: Seismitoad
|-damage|p1a: Seismitoad|9/100
|
|-weather|none
|-heal|p1a: Seismitoad|15/100|[from] item: Leftovers
|upkeep
|turn|11
|
|move|p2a: Tyranitar|Crunch|p1a: Seismitoad
|-damage|p1a: Seismitoad|0 fnt
|faint|p1a: Seismitoad
|
|upkeep
|
|switch|p1a: Cinderace|Cinderace, M|100/100
|turn|12
|
|switch|p2a: Excadrill|Excadrill, F|32/100
|-ability|p2a: Excadrill|Mold Breaker
|move|p1a: Cinderace|U-turn|p2a: Excadrill
|-resisted|p2a: Excadrill
|-damage|p2a: Excadrill|14/100
|
|switch|p1a: Dragapult|Dragapult, F|100/100|[from]move: U-turn
|-damage|p1a: Dragapult|88/100|[from] Stealth Rock
|
|upkeep
|turn|13
|
|move|p1a: Dragapult|Draco Meteor|p2a: Excadrill
|-resisted|p2a: Excadrill
|-damage|p2a: Excadrill|0 fnt
|-unboost|p1a: Dragapult|spa|2
|faint|p2a: Excadrill
|
|upkeep
|
|switch|p2a: Dragapult|Dragapult, F|1/100
|turn|14
|
|switch|p1a: Corviknight|Corviknight, F|100/100
|-damage|p1a: Corviknight|88/100|[from] Stealth Rock
|-ability|p1a: Corviknight|Pressure
|move|p2a: Dragapult|Shadow Ball|p1a: Corviknight
|-damage|p1a: Corviknight|59/100
|
|-heal|p1a: Corviknight|65/100|[from] item: Leftovers
|upkeep
|turn|15
|
|switch|p2a: Rotom|Rotom-Wash|100/100
|switch|p1a: Toxtricity|Toxtricity, F|100/100
|-damage|p1a: Toxtricity|88/100|[from] Stealth Rock
|
|upkeep
|turn|16
|
|move|p1a: Toxtricity|Overdrive|p2a: Rotom
|-damage|p2a: Rotom|16/100
|move|p2a: Rotom|Hydro Pump|p1a: Toxtricity
|-damage|p1a: Toxtricity|25/100
|
|-heal|p2a: Rotom|22/100|[from] item: Leftovers
|upkeep
|turn|17
|
|move|p1a: Toxtricity|Overdrive|p2a: Rotom
|-damage|p2a: Rotom|0 fnt
|faint|p2a: Rotom
|
|upkeep
|
|switch|p2a: Crawdaunt|Crawdaunt, M|46/100
|turn|18
|
|switch|p1a: Dragapult|Dragapult, F|88/100
|-damage|p1a: Dragapult|76/100|[from] Stealth Rock
|move|p2a: Crawdaunt|Aqua Jet|p1a: Dragapult
|-resisted|p1a: Dragapult
|-damage|p1a: Dragapult|46/100
|
|upkeep
|turn|19
|
|switch|p2a: Corviknight|Corviknight, M|100/100
|move|p1a: Dragapult|Draco Meteor|p2a: Corviknight|[miss]
|-miss|p1a: Dragapult|p2a: Corviknight
|
|upkeep
|turn|20
|
|move|p1a: Dragapult|Fire Blast|p2a: Corviknight
|-supereffective|p2a: Corviknight
|-damage|p2a: Corviknight|40/100
|move|p2a: Corviknight|U-turn|p1a: Dragapult
|-resisted|p1a: Dragapult
|-damage|p1a: Dragapult|37/100
|
|switch|p2a: Dragapult|Dragapult, F|1/100|[from]move: U-turn
|
|upkeep
|turn|21
|
|move|p2a: Dragapult|Draco Meteor|p1a: Dragapult
|-supereffective|p1a: Dragapult
|-damage|p1a: Dragapult|0 fnt
|-unboost|p2a: Dragapult|spa|2
|faint|p1a: Dragapult
|
|upkeep
|
|switch|p1a: Corviknight|Corviknight, F|65/100
|-damage|p1a: Corviknight|53/100|[from] Stealth Rock
|-ability|p1a: Corviknight|Pressure
|turn|22
|
|switch|p2a: Corviknight|Corviknight, M|40/100
|move|p1a: Corviknight|Roost|p1a: Corviknight
|-heal|p1a: Corviknight|100/100
|-singleturn|p1a: Corviknight|move: Roost
|
|-heal|p2a: Corviknight|46/100|[from] item: Leftovers
|upkeep
|turn|23
|
|move|p2a: Corviknight|Roost|p2a: Corviknight
|-heal|p2a: Corviknight|96/100
|-singleturn|p2a: Corviknight|move: Roost
|move|p1a: Corviknight|Bulk Up|p1a: Corviknight
|-boost|p1a: Corviknight|atk|1
|-boost|p1a: Corviknight|def|1
|
|-heal|p2a: Corviknight|100/100|[from] item: Leftovers
|upkeep
|turn|24
|
|move|p2a: Corviknight|U-turn|p1a: Corviknight
|-resisted|p1a: Corviknight
|-damage|p1a: Corviknight|98/100
|
|switch|p2a: Tyranitar|Tyranitar, F|100/100|[from]move: U-turn
|-weather|Sandstorm|[from] ability: Sand Stream|[of] p2a: Tyranitar
|move|p1a: Corviknight|Substitute|p1a: Corviknight
|-start|p1a: Corviknight|Substitute
|-damage|p1a: Corviknight|73/100
|
|-weather|Sandstorm|[upkeep]
|-heal|p1a: Corviknight|80/100|[from] item: Leftovers
|upkeep
|turn|25
|
|move|p2a: Tyranitar|Fire Punch|p1a: Corviknight
|-supereffective|p1a: Corviknight
|-end|p1a: Corviknight|Substitute
|move|p1a: Corviknight|Bulk Up|p1a: Corviknight
|-boost|p1a: Corviknight|atk|1
|-boost|p1a: Corviknight|def|1
|
|-weather|Sandstorm|[upkeep]
|-heal|p1a: Corviknight|86/100|[from] item: Leftovers
|upkeep
|turn|26
|
|move|p2a: Tyranitar|Fire Punch|p1a: Corviknight
|-supereffective|p1a: Corviknight
|-damage|p1a: Corviknight|50/100
|move|p1a: Corviknight|Roost|p1a: Corviknight
|-heal|p1a: Corviknight|99/100
|-singleturn|p1a: Corviknight|move: Roost
|
|-weather|Sandstorm|[upkeep]
|-heal|p1a: Corviknight|100/100|[from] item: Leftovers
|upkeep
|turn|27
|
|move|p2a: Tyranitar|Fire Punch|p1a: Corviknight
|-supereffective|p1a: Corviknight
|-crit|p1a: Corviknight
|-damage|p1a: Corviknight|0 fnt
|faint|p1a: Corviknight
|
|-weather|Sandstorm|[upkeep]
|upkeep
|c|☆Snow Blindness|Why do I play this game
|c|☆StarLi|rip
|
|switch|p1a: Cinderace|Cinderace, M|100/100
|turn|28
|
|move|p1a: Cinderace|Court Change|p1a: Cinderace
|-sideend|p1: Snow Blindness|Stealth Rock|[silent]
|-sidestart|p2: StarLi|Stealth Rock|[silent]
|-activate|p1a: Cinderace|move: Court Change
|move|p2a: Tyranitar|Fire Punch|p1a: Cinderace
|-resisted|p1a: Cinderace
|-damage|p1a: Cinderace|68/100
|
|-weather|none
|upkeep
|turn|29
|
|switch|p2a: Corviknight|Corviknight, M|100/100
|-damage|p2a: Corviknight|88/100|[from] Stealth Rock
|move|p1a: Cinderace|High Jump Kick|p2a: Corviknight
|-damage|p2a: Corviknight|55/100
|
|-heal|p2a: Corviknight|61/100|[from] item: Leftovers
|upkeep
|turn|30
|
|move|p1a: Cinderace|Pyro Ball|p2a: Corviknight|[miss]
|-miss|p1a: Cinderace|p2a: Corviknight
|move|p2a: Corviknight|Defog|p1a: Cinderace
|-unboost|p1a: Cinderace|evasion|1
|-sideend|p2: StarLi|Stealth Rock|[from] move: Defog|[of] p2a: Corviknight
|
|-heal|p2a: Corviknight|67/100|[from] item: Leftovers
|upkeep
|turn|31
|c|☆StarLi|omg
|c|☆Snow Blindness|Bruh
|c|☆Snow Blindness|Come the fuck on
|c|☆StarLi|you know what
|c|☆StarLi|here's a W
|-message|StarLi forfeited.
|
|win|Snow Blindness
|c|☆Snow Blindness|Damn
|c|☆StarLi|LOL
|c|☆Snow Blindness|you actually a real one
|raw|Snow Blindness's rating: 1437 → 1455(+18 for winning)
|raw|StarLi's rating: 1414 → 1395(-19 for losing)
|c|☆StarLi|gg bro
|c|☆Snow Blindness|Bless up
|l|☆StarLi
|j|☆StarLi
|player|p2|StarLi|130
|l|☆Snow Blindness
