|ScrapeTime|2020-01-02-23:45:12
|j|☆MegaBrunx
|j|☆PokeDa
|player|p1|MegaBrunx|127|1261
|player|p2|PokeDa|wallace|1301
|teamsize|p1|6
|teamsize|p2|6
|gametype|singles
|gen|8
|tier|[Gen 8] OU
|rated|
|rule|Sleep Clause Mod: Limit one foe put to sleep
|rule|Species Clause: Limit one of each Pokémon
|rule|OHKO Clause: OHKO moves are banned
|rule|Evasion Moves Clause: Evasion moves are banned
|rule|Endless Battle Clause: Forcing endless battles is banned
|rule|HP Percentage Mod: HP is shown in percentages
|clearpoke
|poke|p1|Gastrodon, M|
|poke|p1|Ferrothorn, F|
|poke|p1|Toxtricity, M|
|poke|p1|Cloyster, M|
|poke|p1|Dragapult, F|
|poke|p1|Dubwool, M|
|poke|p2|Pelipper, F|
|poke|p2|Seismitoad, F|
|poke|p2|Ludicolo, M|
|poke|p2|Crawdaunt, M|
|poke|p2|Ferrothorn, F|
|poke|p2|Hawlucha, F|
|rule|Dynamax Clause: You cannot dynamax
|teampreview
|
|start
|switch|p1a: Cloyster|Cloyster, M|100/100
|switch|p2a: Pelipper|Pelipper, F|100/100
|-weather|RainDance|[from] ability: Drizzle|[of] p2a: Pelipper
|turn|1
|
|move|p1a: Cloyster|Shell Smash|p1a: Cloyster
|-unboost|p1a: Cloyster|def|1
|-unboost|p1a: Cloyster|spd|1
|-boost|p1a: Cloyster|atk|2
|-boost|p1a: Cloyster|spa|2
|-boost|p1a: Cloyster|spe|2
|move|p2a: Pelipper|U-turn|p1a: Cloyster
|-crit|p1a: Cloyster
|-damage|p1a: Cloyster|84/100
|
|switch|p2a: Ferrothorn|Ferrothorn, F|100/100|[from]move: U-turn
|
|-weather|RainDance|[upkeep]
|upkeep
|turn|2
|
|move|p1a: Cloyster|Icicle Spear|p2a: Ferrothorn
|-damage|p2a: Ferrothorn|84/100
|-damage|p2a: Ferrothorn|68/100
|-damage|p2a: Ferrothorn|51/100
|-damage|p2a: Ferrothorn|35/100
|-damage|p2a: Ferrothorn|20/100
|-hitcount|p2a: Ferrothorn|5
|move|p2a: Ferrothorn|Gyro Ball|p1a: Cloyster
|-damage|p1a: Cloyster|26/100
|
|-weather|RainDance|[upkeep]
|-heal|p2a: Ferrothorn|26/100|[from] item: Leftovers
|upkeep
|turn|3
|
|move|p1a: Cloyster|Icicle Spear|p2a: Ferrothorn
|-damage|p2a: Ferrothorn|11/100
|-damage|p2a: Ferrothorn|0 fnt
|-hitcount|p2a: Ferrothorn|2
|faint|p2a: Ferrothorn
|
|-weather|RainDance|[upkeep]
|upkeep
|
|switch|p2a: Crawdaunt|Crawdaunt, M|100/100
|turn|4
|
|move|p2a: Crawdaunt|Aqua Jet|p1a: Cloyster
|-resisted|p1a: Cloyster
|-damage|p1a: Cloyster|0 fnt
|-damage|p2a: Crawdaunt|91/100|[from] item: Life Orb
|faint|p1a: Cloyster
|
|-weather|RainDance|[upkeep]
|upkeep
|
|switch|p1a: Gastrodon|Gastrodon, M|100/100
|turn|5
|
|move|p2a: Crawdaunt|Swords Dance|p2a: Crawdaunt
|-boost|p2a: Crawdaunt|atk|2
|move|p1a: Gastrodon|Scald|p2a: Crawdaunt
|-resisted|p2a: Crawdaunt
|-damage|p2a: Crawdaunt|48/100
|
|-weather|RainDance|[upkeep]
|upkeep
|turn|6
|
|move|p2a: Crawdaunt|Knock Off|p1a: Gastrodon
|-damage|p1a: Gastrodon|0 fnt
|-enditem|p1a: Gastrodon|Leftovers|[from] move: Knock Off|[of] p2a: Crawdaunt
|-damage|p2a: Crawdaunt|39/100|[from] item: Life Orb
|faint|p1a: Gastrodon
|
|-weather|RainDance|[upkeep]
|upkeep
|
|switch|p1a: Ferrothorn|Ferrothorn, F|100/100
|turn|7
|
|move|p2a: Crawdaunt|Knock Off|p1a: Ferrothorn
|-damage|p1a: Ferrothorn|0 fnt
|-damage|p2a: Crawdaunt|26/100|[from] ability: Iron Barbs|[of] p1a: Ferrothorn
|-enditem|p1a: Ferrothorn|Leftovers|[from] move: Knock Off|[of] p2a: Crawdaunt
|-damage|p2a: Crawdaunt|17/100|[from] item: Life Orb
|faint|p1a: Ferrothorn
|
|-weather|RainDance|[upkeep]
|upkeep
|
|switch|p1a: Dubwool|Dubwool, M|100/100
|turn|8
|
|move|p2a: Crawdaunt|Crabhammer|p1a: Dubwool
|-damage|p1a: Dubwool|0 fnt
|-damage|p2a: Crawdaunt|7/100|[from] item: Life Orb
|faint|p1a: Dubwool
|
|-weather|none
|upkeep
|
|switch|p1a: Toxtricity|Toxtricity, M|100/100
|turn|9
|
|move|p2a: Crawdaunt|Aqua Jet|p1a: Toxtricity
|-damage|p1a: Toxtricity|0 fnt
|-damage|p2a: Crawdaunt|0 fnt|[from] item: Life Orb
|faint|p1a: Toxtricity
|faint|p2a: Crawdaunt
|
|upkeep
|inactive|Battle timer is ON: inactive players will automatically lose when time's up. (requested by PokeDa)
|
|switch|p1a: Dragapult|Dragapult, F|100/100
|switch|p2a: Pelipper|Pelipper, F|100/100
|-weather|RainDance|[from] ability: Drizzle|[of] p2a: Pelipper
|turn|10
|
|move|p1a: Dragapult|Dragon Darts|p2a: Pelipper
|-damage|p2a: Pelipper|71/100
|-damage|p2a: Pelipper|41/100
|-hitcount|p2a: Pelipper|2
|-damage|p1a: Dragapult|91/100|[from] item: Life Orb
|move|p2a: Pelipper|U-turn|p1a: Dragapult
|-resisted|p1a: Dragapult
|-damage|p1a: Dragapult|85/100
|
|switch|p2a: Ludicolo|Ludicolo, M|100/100|[from]move: U-turn
|
|-weather|RainDance|[upkeep]
|upkeep
|turn|11
|
|move|p2a: Ludicolo|Ice Beam|p1a: Dragapult
|-supereffective|p1a: Dragapult
|-damage|p1a: Dragapult|0 fnt
|-damage|p2a: Ludicolo|91/100|[from] item: Life Orb
|faint|p1a: Dragapult
|
|win|PokeDa
|l|☆MegaBrunx
|raw|MegaBrunx's rating: 1261 → 1237(-24 for losing)
|raw|PokeDa's rating: 1283 → 1306(+23 for winning)
