|ScrapeTime|2020-01-01-05:54:36
|j|☆Rekbeth
|j|☆MechaTaco
|player|p1|Rekbeth|worker-gen4|1263
|player|p2|MechaTaco|sabrina|1190
|teamsize|p1|6
|teamsize|p2|6
|gametype|singles
|gen|8
|tier|[Gen 8] OU
|rated|
|rule|Sleep Clause Mod: Limit one foe put to sleep
|rule|Species Clause: Limit one of each Pokémon
|rule|OHKO Clause: OHKO moves are banned
|rule|Evasion Moves Clause: Evasion moves are banned
|rule|Endless Battle Clause: Forcing endless battles is banned
|rule|HP Percentage Mod: HP is shown in percentages
|clearpoke
|poke|p1|Cloyster, F|
|poke|p1|Excadrill, F|
|poke|p1|Hatterene, F|
|poke|p1|Toxapex, M|
|poke|p1|Shuckle, M|
|poke|p1|Dracovish|
|poke|p2|Togekiss, F|
|poke|p2|Silvally-*|
|poke|p2|Excadrill, F|
|poke|p2|Tyranitar, M|
|poke|p2|Rotom-Wash|
|poke|p2|Corviknight, M|
|rule|Dynamax Clause: You cannot dynamax
|teampreview
|
|start
|switch|p1a: Excadrill|Excadrill, F|100/100
|switch|p2a: Togekiss|Togekiss, F|100/100
|-ability|p1a: Excadrill|Mold Breaker
|turn|1
|inactive|Battle timer is ON: inactive players will automatically lose when time's up. (requested by Rekbeth)
|
|move|p1a: Excadrill|Iron Head|p2a: Togekiss
|-supereffective|p2a: Togekiss
|-damage|p2a: Togekiss|0 fnt
|-damage|p1a: Excadrill|91/100|[from] item: Life Orb
|faint|p2a: Togekiss
|
|upkeep
|
|switch|p2a: Tyranitar|Tyranitar, M|100/100
|-weather|Sandstorm|[from] ability: Sand Stream|[of] p2a: Tyranitar
|turn|2
|c|☆Rekbeth|!weak tyranitar
|html|Tyranitar (ignoring abilities):Weaknesses: Bug, Fairy, Fighting, Grass, Ground, Steel, WaterResistances: Dark, Fire, Flying, Ghost, Normal, PoisonImmunities: Psychic
|
|switch|p2a: Corviknight|Corviknight, M|100/100
|-ability|p2a: Corviknight|Pressure
|move|p1a: Excadrill|Earthquake|p2a: Corviknight
|-immune|p2a: Corviknight
|
|-weather|Sandstorm|[upkeep]
|upkeep
|turn|3
|inactive|Rekbeth has 120 seconds left.
|
|switch|p1a: Hatterene|Hatterene, F|100/100
|move|p2a: Corviknight|Iron Defense|p2a: Corviknight
|-boost|p2a: Corviknight|def|2
|
|-weather|Sandstorm|[upkeep]
|-damage|p1a: Hatterene|95/100|[from] Sandstorm
|-heal|p1a: Hatterene|100/100|[from] item: Leftovers
|upkeep
|turn|4
|
|switch|p2a: Rotom|Rotom-Wash|100/100
|move|p1a: Hatterene|Calm Mind|p1a: Hatterene
|-boost|p1a: Hatterene|spa|1
|-boost|p1a: Hatterene|spd|1
|
|-weather|Sandstorm|[upkeep]
|-damage|p2a: Rotom|95/100|[from] Sandstorm
|-damage|p1a: Hatterene|95/100|[from] Sandstorm
|-heal|p2a: Rotom|100/100|[from] item: Leftovers
|-heal|p1a: Hatterene|100/100|[from] item: Leftovers
|upkeep
|turn|5
|
|move|p2a: Rotom|Will-O-Wisp|p1a: Hatterene
|move|p1a: Hatterene|Will-O-Wisp|p2a: Rotom|[from]Magic Bounce
|-status|p2a: Rotom|brn
|move|p1a: Hatterene|Draining Kiss|p2a: Rotom
|-damage|p2a: Rotom|61/100 brn
|
|-weather|Sandstorm|[upkeep]
|-damage|p2a: Rotom|55/100 brn|[from] Sandstorm
|-damage|p1a: Hatterene|95/100|[from] Sandstorm
|-heal|p2a: Rotom|61/100 brn|[from] item: Leftovers
|-heal|p1a: Hatterene|100/100|[from] item: Leftovers
|-damage|p2a: Rotom|55/100 brn|[from] brn
|upkeep
|turn|6
|-message|MechaTaco forfeited.
|
|win|Rekbeth
|l|☆MechaTaco
|raw|Rekbeth's rating: 1263 → 1282(+19 for winning)
|raw|MechaTaco's rating: 1191 → 1171(-20 for losing)
