|ScrapeTime|2020-01-01-08:15:39
|j|☆skeeternatus
|j|☆Seaniboi
|player|p1|skeeternatus|brycenman|1126
|player|p2|Seaniboi|cheren-gen5bw2|1111
|teamsize|p1|6
|teamsize|p2|6
|gametype|singles
|gen|8
|tier|[Gen 8] OU
|rated|
|rule|Sleep Clause Mod: Limit one foe put to sleep
|rule|Species Clause: Limit one of each Pokémon
|rule|OHKO Clause: OHKO moves are banned
|rule|Evasion Moves Clause: Evasion moves are banned
|rule|Endless Battle Clause: Forcing endless battles is banned
|rule|HP Percentage Mod: HP is shown in percentages
|clearpoke
|poke|p1|Eiscue, F|
|poke|p1|Diggersby, M|
|poke|p1|Obstagoon, M|
|poke|p1|Toxtricity-Low-Key, F|
|poke|p1|Cloyster, F|
|poke|p1|Coalossal, M|
|poke|p2|Aegislash, M|
|poke|p2|Grimmsnarl, M|
|poke|p2|Seismitoad, M|
|poke|p2|Espeon, F|
|poke|p2|Excadrill, F|
|poke|p2|Hawlucha, F|
|rule|Dynamax Clause: You cannot dynamax
|teampreview
|
|start
|switch|p1a: Cloyster|Cloyster, F|100/100
|switch|p2a: Seismitoad|Seismitoad, M|100/100
|turn|1
|inactive|Battle timer is ON: inactive players will automatically lose when time's up. (requested by skeeternatus)
|
|move|p1a: Cloyster|Shell Smash|p1a: Cloyster
|-unboost|p1a: Cloyster|def|1
|-unboost|p1a: Cloyster|spd|1
|-boost|p1a: Cloyster|atk|2
|-boost|p1a: Cloyster|spa|2
|-boost|p1a: Cloyster|spe|2
|move|p2a: Seismitoad|Toxic|p1a: Cloyster
|-status|p1a: Cloyster|tox
|
|-damage|p1a: Cloyster|94/100 tox|[from] psn
|upkeep
|turn|2
|
|switch|p2a: Aegislash|Aegislash, M, shiny|100/100
|move|p1a: Cloyster|Icicle Spear|p2a: Aegislash
|-resisted|p2a: Aegislash
|-damage|p2a: Aegislash|92/100
|-resisted|p2a: Aegislash
|-crit|p2a: Aegislash
|-damage|p2a: Aegislash|80/100
|-resisted|p2a: Aegislash
|-damage|p2a: Aegislash|72/100
|-resisted|p2a: Aegislash
|-damage|p2a: Aegislash|64/100
|-resisted|p2a: Aegislash
|-damage|p2a: Aegislash|55/100
|-hitcount|p2a: Aegislash|5
|
|-heal|p2a: Aegislash|62/100|[from] item: Leftovers
|-damage|p1a: Cloyster|82/100 tox|[from] psn
|upkeep
|turn|3
|
|move|p1a: Cloyster|Shell Smash|p1a: Cloyster
|-unboost|p1a: Cloyster|def|1
|-unboost|p1a: Cloyster|spd|1
|-boost|p1a: Cloyster|atk|2
|-boost|p1a: Cloyster|spa|2
|-boost|p1a: Cloyster|spe|2
|move|p2a: Aegislash|Swords Dance|p2a: Aegislash
|-boost|p2a: Aegislash|atk|2
|
|-heal|p2a: Aegislash|68/100|[from] item: Leftovers
|-damage|p1a: Cloyster|63/100 tox|[from] psn
|upkeep
|turn|4
|
|move|p1a: Cloyster|Icicle Spear|p2a: Aegislash
|-resisted|p2a: Aegislash
|-damage|p2a: Aegislash|55/100
|-resisted|p2a: Aegislash
|-damage|p2a: Aegislash|42/100
|-resisted|p2a: Aegislash
|-damage|p2a: Aegislash|30/100
|-resisted|p2a: Aegislash
|-damage|p2a: Aegislash|17/100
|-resisted|p2a: Aegislash
|-damage|p2a: Aegislash|5/100
|-hitcount|p2a: Aegislash|5
|move|p2a: Aegislash|Swords Dance|p2a: Aegislash
|-boost|p2a: Aegislash|atk|2
|
|-heal|p2a: Aegislash|12/100|[from] item: Leftovers
|-damage|p1a: Cloyster|38/100 tox|[from] psn
|upkeep
|turn|5
|
|move|p2a: Aegislash|King's Shield|p2a: Aegislash
|-singleturn|p2a: Aegislash|Protect
|move|p1a: Cloyster|Icicle Spear|p2a: Aegislash
|-activate|p2a: Aegislash|move: Protect
|
|-heal|p2a: Aegislash|18/100|[from] item: Leftovers
|-damage|p1a: Cloyster|7/100 tox|[from] psn
|upkeep
|turn|6
|
|switch|p2a: Grimmsnarl|Grimmsnarl, M|100/100
|move|p1a: Cloyster|Icicle Spear|p2a: Grimmsnarl
|-damage|p2a: Grimmsnarl|60/100
|-damage|p2a: Grimmsnarl|15/100
|-damage|p2a: Grimmsnarl|0 fnt
|-hitcount|p2a: Grimmsnarl|3
|faint|p2a: Grimmsnarl
|
|-damage|p1a: Cloyster|0 fnt|[from] psn
|faint|p1a: Cloyster
|upkeep
|
|switch|p1a: Obstagoon|Obstagoon, M|100/100
|switch|p2a: Excadrill|Excadrill, F|100/100
|-ability|p2a: Excadrill|Mold Breaker
|turn|7
|
|move|p1a: Obstagoon|Bulk Up|p1a: Obstagoon
|-boost|p1a: Obstagoon|atk|1
|-boost|p1a: Obstagoon|def|1
|move|p2a: Excadrill|Stealth Rock|p1a: Obstagoon
|-sidestart|p1: skeeternatus|move: Stealth Rock
|
|-status|p1a: Obstagoon|brn|[from] item: Flame Orb
|upkeep
|turn|8
|
|move|p1a: Obstagoon|Trick|p2a: Excadrill
|-activate|p1a: Obstagoon|move: Trick|[of] p2a: Excadrill
|-item|p2a: Excadrill|Flame Orb|[from] move: Trick
|-item|p1a: Obstagoon|Leftovers|[from] move: Trick
|move|p2a: Excadrill|Earthquake|p1a: Obstagoon
|-damage|p1a: Obstagoon|63/100 brn
|
|-heal|p1a: Obstagoon|69/100 brn|[from] item: Leftovers
|-damage|p1a: Obstagoon|63/100 brn|[from] brn
|-status|p2a: Excadrill|brn|[from] item: Flame Orb
|upkeep
|turn|9
|
|move|p1a: Obstagoon|Bulk Up|p1a: Obstagoon
|-boost|p1a: Obstagoon|atk|1
|-boost|p1a: Obstagoon|def|1
|move|p2a: Excadrill|Earthquake|p1a: Obstagoon
|-damage|p1a: Obstagoon|48/100 brn
|
|-heal|p1a: Obstagoon|54/100 brn|[from] item: Leftovers
|-damage|p1a: Obstagoon|48/100 brn|[from] brn
|-damage|p2a: Excadrill|94/100 brn|[from] brn
|upkeep
|turn|10
|
|move|p1a: Obstagoon|Facade|p2a: Excadrill
|-resisted|p2a: Excadrill
|-damage|p2a: Excadrill|0 fnt
|faint|p2a: Excadrill
|
|-heal|p1a: Obstagoon|54/100 brn|[from] item: Leftovers
|-damage|p1a: Obstagoon|48/100 brn|[from] brn
|upkeep
|
|switch|p2a: Espeon|Espeon, F|100/100
|turn|11
|
|move|p2a: Espeon|Protect|p2a: Espeon
|-singleturn|p2a: Espeon|Protect
|move|p1a: Obstagoon|Facade|p2a: Espeon
|-activate|p2a: Espeon|move: Protect
|
|-heal|p1a: Obstagoon|54/100 brn|[from] item: Leftovers
|-damage|p1a: Obstagoon|48/100 brn|[from] brn
|upkeep
|turn|12
|
|switch|p2a: Hawlucha|Hawlucha, F|100/100
|move|p1a: Obstagoon|Facade|p2a: Hawlucha
|-damage|p2a: Hawlucha|0 fnt
|faint|p2a: Hawlucha
|
|-heal|p1a: Obstagoon|54/100 brn|[from] item: Leftovers
|-damage|p1a: Obstagoon|48/100 brn|[from] brn
|upkeep
|
|switch|p2a: Seismitoad|Seismitoad, M|100/100
|turn|13
|
|move|p1a: Obstagoon|Facade|p2a: Seismitoad
|-damage|p2a: Seismitoad|0 fnt
|faint|p2a: Seismitoad
|
|-heal|p1a: Obstagoon|54/100 brn|[from] item: Leftovers
|-damage|p1a: Obstagoon|48/100 brn|[from] brn
|upkeep
|
|switch|p2a: Espeon|Espeon, F|100/100
|turn|14
|
|move|p1a: Obstagoon|Bulk Up|p1a: Obstagoon
|-boost|p1a: Obstagoon|atk|1
|-boost|p1a: Obstagoon|def|1
|move|p2a: Espeon|Wish|p2a: Espeon
|
|-heal|p1a: Obstagoon|54/100 brn|[from] item: Leftovers
|-damage|p1a: Obstagoon|48/100 brn|[from] brn
|upkeep
|turn|15
|
|switch|p2a: Aegislash|Aegislash, M, shiny|18/100
|move|p1a: Obstagoon|Night Slash|p2a: Aegislash
|-supereffective|p2a: Aegislash
|-damage|p2a: Aegislash|0 fnt
|faint|p2a: Aegislash
|
|-heal|p1a: Obstagoon|54/100 brn|[from] item: Leftovers
|-damage|p1a: Obstagoon|48/100 brn|[from] brn
|upkeep
|-message|Seaniboi forfeited.
|
|win|skeeternatus
|l|☆Seaniboi
|raw|skeeternatus's rating: 1126 → 1150(+24 for winning)
|raw|Seaniboi's rating: 1111 → 1087(-24 for losing)
