|ScrapeTime|2020-01-01-09:35:11
|j|☆9RZ
|j|☆real pheal spheal
|player|p1|9RZ|169|
|player|p2|real pheal spheal|blue-gen3champion|
|teamsize|p1|6
|teamsize|p2|6
|gametype|singles
|gen|8
|tier|[Gen 8] OU
|rule|Sleep Clause Mod: Limit one foe put to sleep
|rule|Species Clause: Limit one of each Pokémon
|rule|OHKO Clause: OHKO moves are banned
|rule|Evasion Moves Clause: Evasion moves are banned
|rule|Endless Battle Clause: Forcing endless battles is banned
|rule|HP Percentage Mod: HP is shown in percentages
|clearpoke
|poke|p1|Shuckle, M|
|poke|p1|Tyranitar, F|
|poke|p1|Mandibuzz, F|
|poke|p1|Kommo-o, F|
|poke|p1|Eldegoss, M|
|poke|p1|Golisopod, F|
|poke|p2|Toxtricity, M|
|poke|p2|Corviknight, M|
|poke|p2|Toxapex, F|
|poke|p2|Hippowdon, M|
|poke|p2|Arctovish|
|poke|p2|Dragapult, M|
|rule|Dynamax Clause: You cannot dynamax
|teampreview
|
|start
|switch|p1a: THE CORE!|Shuckle, M, shiny|100/100
|switch|p2a: Corviknight|Corviknight, M|100/100
|-ability|p2a: Corviknight|Pressure
|turn|1
|
|move|p2a: Corviknight|Taunt|p1a: THE CORE!
|-start|p1a: THE CORE!|move: Taunt
|cant|p1a: THE CORE!|move: Taunt|Sticky Web
|
|upkeep
|turn|2
|
|switch|p2a: Toxtricity|Toxtricity, M|100/100
|switch|p1a: THE CORE?|Tyranitar, F, shiny|100/100
|-weather|Sandstorm|[from] ability: Sand Stream|[of] p1a: THE CORE?
|
|-weather|Sandstorm|[upkeep]
|-damage|p2a: Toxtricity|94/100|[from] Sandstorm
|upkeep
|turn|3
|j| King Carbonation
|
|switch|p2a: Hippowdon|Hippowdon, M|100/100
|move|p1a: THE CORE?|Stone Edge|p2a: Hippowdon
|-resisted|p2a: Hippowdon
|-damage|p2a: Hippowdon|86/100
|
|-weather|Sandstorm|[upkeep]
|upkeep
|turn|4
|
|switch|p1a: Arab funny|Eldegoss, M|100/100
|move|p2a: Hippowdon|Stealth Rock|p1a: Arab funny
|-sidestart|p1: 9RZ|move: Stealth Rock
|
|-weather|Sandstorm|[upkeep]
|-damage|p1a: Arab funny|94/100|[from] Sandstorm
|-heal|p1a: Arab funny|100/100|[from] item: Leftovers
|upkeep
|turn|5
|
|switch|p2a: Dragapult|Dragapult, M|100/100
|move|p1a: Arab funny|Rapid Spin|p2a: Dragapult
|-immune|p2a: Dragapult
|
|-weather|Sandstorm|[upkeep]
|-damage|p2a: Dragapult|95/100|[from] Sandstorm
|-damage|p1a: Arab funny|94/100|[from] Sandstorm
|-heal|p1a: Arab funny|100/100|[from] item: Leftovers
|upkeep
|turn|6
|
|move|p2a: Dragapult|Draco Meteor|p1a: Arab funny
|-damage|p1a: Arab funny|38/100
|-unboost|p2a: Dragapult|spa|2
|-damage|p2a: Dragapult|85/100|[from] item: Life Orb
|move|p1a: Arab funny|Stun Spore|p2a: Dragapult
|-status|p2a: Dragapult|par
|
|-weather|none
|-heal|p1a: Arab funny|44/100|[from] item: Leftovers
|upkeep
|turn|7
|
|switch|p2a: Corviknight|Corviknight, M|100/100
|-ability|p2a: Corviknight|Pressure
|switch|p1a: THE CORE?|Tyranitar, F, shiny|100/100
|-damage|p1a: THE CORE?|88/100|[from] Stealth Rock
|-weather|Sandstorm|[from] ability: Sand Stream|[of] p1a: THE CORE?
|
|-weather|Sandstorm|[upkeep]
|upkeep
|turn|8
|
|switch|p2a: Arctovish|Arctovish|100/100
|move|p1a: THE CORE?|Crunch|p2a: Arctovish
|-damage|p2a: Arctovish|52/100
|
|-weather|Sandstorm|[upkeep]
|-damage|p2a: Arctovish|45/100|[from] Sandstorm
|upkeep
|turn|9
|
|move|p2a: Arctovish|Substitute|p2a: Arctovish
|-start|p2a: Arctovish|Substitute
|-damage|p2a: Arctovish|20/100
|move|p1a: THE CORE?|Stone Edge|p2a: Arctovish
|-supereffective|p2a: Arctovish
|-end|p2a: Arctovish|Substitute
|
|-weather|Sandstorm|[upkeep]
|-damage|p2a: Arctovish|14/100|[from] Sandstorm
|upkeep
|turn|10
|
|switch|p1a: Golisopod|Golisopod, F|100/100
|-damage|p1a: Golisopod|76/100|[from] Stealth Rock
|move|p2a: Arctovish|Fishious Rend|p1a: Golisopod
|-resisted|p1a: Golisopod
|-damage|p1a: Golisopod|43/100
|-activate|p1a: Golisopod|ability: Emergency Exit
|-damage|p2a: Arctovish|4/100|[from] item: Life Orb
|
|switch|p1a: THE CORE!|Shuckle, M, shiny|100/100
|-damage|p1a: THE CORE!|75/100|[from] Stealth Rock
|
|-weather|Sandstorm|[upkeep]
|-damage|p2a: Arctovish|0 fnt|[from] Sandstorm
|faint|p2a: Arctovish
|-heal|p1a: THE CORE!|82/100|[from] item: Leftovers
|upkeep
|
|switch|p2a: Corviknight|Corviknight, M|100/100
|-ability|p2a: Corviknight|Pressure
|turn|11
|
|move|p2a: Corviknight|Taunt|p1a: THE CORE!
|-start|p1a: THE CORE!|move: Taunt
|cant|p1a: THE CORE!|move: Taunt|Stealth Rock
|
|-weather|none
|-heal|p1a: THE CORE!|88/100|[from] item: Leftovers
|upkeep
|turn|12
|
|switch|p1a: THE CORE?|Tyranitar, F, shiny|88/100
|-damage|p1a: THE CORE?|76/100|[from] Stealth Rock
|-weather|Sandstorm|[from] ability: Sand Stream|[of] p1a: THE CORE?
|move|p2a: Corviknight|Brave Bird|p1a: THE CORE?
|-resisted|p1a: THE CORE?
|-damage|p1a: THE CORE?|62/100
|-damage|p2a: Corviknight|96/100|[from] Recoil
|
|-weather|Sandstorm|[upkeep]
|-heal|p2a: Corviknight|100/100|[from] item: Leftovers
|upkeep
|turn|13
|
|switch|p2a: Hippowdon|Hippowdon, M|86/100
|move|p1a: THE CORE?|Crunch|p2a: Hippowdon
|-damage|p2a: Hippowdon|61/100
|-damage|p1a: THE CORE?|45/100|[from] item: Rocky Helmet|[of] p2a: Hippowdon
|
|-weather|Sandstorm|[upkeep]
|upkeep
|turn|14
|
|switch|p1a: Mandibuzz|Mandibuzz, F|100/100
|-damage|p1a: Mandibuzz|75/100|[from] Stealth Rock
|switch|p2a: Corviknight|Corviknight, M|100/100
|-ability|p2a: Corviknight|Pressure
|
|-weather|Sandstorm|[upkeep]
|-damage|p1a: Mandibuzz|69/100|[from] Sandstorm
|-heal|p1a: Mandibuzz|75/100|[from] item: Leftovers
|upkeep
|turn|15
|
|move|p1a: Mandibuzz|Taunt|p2a: Corviknight
|-start|p2a: Corviknight|move: Taunt
|cant|p2a: Corviknight|move: Taunt|Taunt
|
|-weather|Sandstorm|[upkeep]
|-damage|p1a: Mandibuzz|69/100|[from] Sandstorm
|-heal|p1a: Mandibuzz|75/100|[from] item: Leftovers
|upkeep
|turn|16
|
|switch|p2a: Toxtricity|Toxtricity, M|94/100
|move|p1a: Mandibuzz|Knock Off|p2a: Toxtricity
|-crit|p2a: Toxtricity
|-damage|p2a: Toxtricity|36/100
|-enditem|p2a: Toxtricity|Shed Shell|[from] move: Knock Off|[of] p1a: Mandibuzz
|
|-weather|none
|-heal|p1a: Mandibuzz|82/100|[from] item: Leftovers
|upkeep
|turn|17
|
|switch|p1a: THE CORE?|Tyranitar, F, shiny|45/100
|-damage|p1a: THE CORE?|33/100|[from] Stealth Rock
|-weather|Sandstorm|[from] ability: Sand Stream|[of] p1a: THE CORE?
|move|p2a: Toxtricity|Overdrive|p1a: THE CORE?
|-damage|p1a: THE CORE?|10/100
|
|-weather|Sandstorm|[upkeep]
|-damage|p2a: Toxtricity|29/100|[from] Sandstorm
|upkeep
|turn|18
|c|☆9RZ|this is so wack
|c|☆9RZ|and fast paced
|c|☆9RZ|just like me when I was with your mom
|
|move|p2a: Toxtricity|Overdrive|p1a: THE CORE?
|-damage|p1a: THE CORE?|0 fnt
|faint|p1a: THE CORE?
|
|-weather|Sandstorm|[upkeep]
|-damage|p2a: Toxtricity|23/100|[from] Sandstorm
|upkeep
|
|switch|p1a: THE CORE!|Shuckle, M, shiny|88/100
|-damage|p1a: THE CORE!|63/100|[from] Stealth Rock
|turn|19
|c| King Carbonation|shed shell for what?
|
|switch|p2a: Corviknight|Corviknight, M|100/100
|-ability|p2a: Corviknight|Pressure
|move|p1a: THE CORE!|Stealth Rock|p2a: Corviknight
|-sidestart|p2: real pheal spheal|move: Stealth Rock
|
|-weather|Sandstorm|[upkeep]
|-heal|p1a: THE CORE!|69/100|[from] item: Leftovers
|upkeep
|turn|20
|
|switch|p1a: Mandibuzz|Mandibuzz, F|82/100
|-damage|p1a: Mandibuzz|57/100|[from] Stealth Rock
|move|p2a: Corviknight|Defog|p1a: Mandibuzz
|-unboost|p1a: Mandibuzz|evasion|1
|-sideend|p1: 9RZ|Stealth Rock|[from] move: Defog|[of] p2a: Corviknight
|-sideend|p2: real pheal spheal|Stealth Rock|[from] move: Defog|[of] p2a: Corviknight
|
|-weather|Sandstorm|[upkeep]
|-damage|p1a: Mandibuzz|50/100|[from] Sandstorm
|-heal|p1a: Mandibuzz|57/100|[from] item: Leftovers
|upkeep
|turn|21
|c|☆real pheal spheal|dugtrio
|
|switch|p2a: Toxtricity|Toxtricity, M|23/100
|move|p1a: Mandibuzz|Roost|p1a: Mandibuzz
|-heal|p1a: Mandibuzz|100/100
|-singleturn|p1a: Mandibuzz|move: Roost
|
|-weather|none
|upkeep
|turn|22
|
|move|p2a: Toxtricity|Overdrive|p1a: Mandibuzz
|-supereffective|p1a: Mandibuzz
|-crit|p1a: Mandibuzz
|-damage|p1a: Mandibuzz|3/100
|move|p1a: Mandibuzz|Foul Play|p2a: Toxtricity
|-damage|p2a: Toxtricity|0 fnt
|faint|p2a: Toxtricity
|
|-heal|p1a: Mandibuzz|9/100|[from] item: Leftovers
|upkeep
|
|switch|p2a: Dragapult|Dragapult, M|85/100 par
|turn|23
|
|switch|p1a: THE CORE!|Shuckle, M, shiny|69/100
|cant|p2a: Dragapult|par
|
|-heal|p1a: THE CORE!|75/100|[from] item: Leftovers
|upkeep
|turn|24
|
|switch|p2a: Corviknight|Corviknight, M|100/100
|-ability|p2a: Corviknight|Pressure
|switch|p1a: Kommo-o|Kommo-o, F|100/100
|
|upkeep
|turn|25
|
|move|p1a: Kommo-o|Flamethrower|p2a: Corviknight
|-supereffective|p2a: Corviknight
|-damage|p2a: Corviknight|60/100
|-status|p2a: Corviknight|brn
|move|p2a: Corviknight|Brave Bird|p1a: Kommo-o
|-supereffective|p1a: Kommo-o
|-damage|p1a: Kommo-o|67/100
|-damage|p2a: Corviknight|52/100 brn|[from] Recoil
|
|-heal|p2a: Corviknight|58/100 brn|[from] item: Leftovers
|-damage|p2a: Corviknight|52/100 brn|[from] brn
|upkeep
|turn|26
|
|move|p1a: Kommo-o|Clangorous Soul|p1a: Kommo-o
|-boost|p1a: Kommo-o|atk|1
|-boost|p1a: Kommo-o|def|1
|-boost|p1a: Kommo-o|spa|1
|-boost|p1a: Kommo-o|spd|1
|-boost|p1a: Kommo-o|spe|1
|-damage|p1a: Kommo-o|34/100
|-enditem|p1a: Kommo-o|Throat Spray
|-boost|p1a: Kommo-o|spa|1
|move|p2a: Corviknight|Roost|p2a: Corviknight
|-heal|p2a: Corviknight|100/100 brn
|-singleturn|p2a: Corviknight|move: Roost
|
|-damage|p2a: Corviknight|94/100 brn|[from] brn
|upkeep
|turn|27
|
|move|p1a: Kommo-o|Flamethrower|p2a: Corviknight
|-supereffective|p2a: Corviknight
|-damage|p2a: Corviknight|10/100 brn
|move|p2a: Corviknight|Brave Bird|p1a: Kommo-o
|-supereffective|p1a: Kommo-o
|-damage|p1a: Kommo-o|10/100
|-damage|p2a: Corviknight|4/100 brn|[from] Recoil
|
|-heal|p2a: Corviknight|11/100 brn|[from] item: Leftovers
|-damage|p2a: Corviknight|4/100 brn|[from] brn
|upkeep
|turn|28
|c| King Carbonation|we about that
|c|☆9RZ|YO GG
|c|☆9RZ|WAIT WHAT
|c|☆9RZ|why is he so bulky DOE
|
|switch|p2a: Hippowdon|Hippowdon, M|61/100
|-weather|Sandstorm|[from] ability: Sand Stream|[of] p2a: Hippowdon
|move|p1a: Kommo-o|Flamethrower|p2a: Hippowdon
|-damage|p2a: Hippowdon|4/100
|
|-weather|Sandstorm|[upkeep]
|-damage|p1a: Kommo-o|4/100|[from] Sandstorm
|upkeep
|turn|29
|c|☆9RZ|oh shit
|
|switch|p2a: Corviknight|Corviknight, M|4/100 brn
|-ability|p2a: Corviknight|Pressure
|move|p1a: Kommo-o|Clanging Scales|p2a: Corviknight
|-resisted|p2a: Corviknight
|-damage|p2a: Corviknight|0 fnt
|-unboost|p1a: Kommo-o|def|1
|faint|p2a: Corviknight
|
|-weather|Sandstorm|[upkeep]
|-damage|p1a: Kommo-o|0 fnt|[from] Sandstorm
|faint|p1a: Kommo-o
|upkeep
|
|switch|p1a: Golisopod|Golisopod, F|43/100
|switch|p2a: Toxapex|Toxapex, F|100/100
|turn|30
|
|switch|p1a: THE CORE!|Shuckle, M, shiny|75/100
|move|p2a: Toxapex|Toxic|p1a: THE CORE!
|-status|p1a: THE CORE!|tox
|
|-weather|Sandstorm|[upkeep]
|-damage|p2a: Toxapex|94/100|[from] Sandstorm
|-heal|p2a: Toxapex|100/100|[from] item: Leftovers
|-heal|p1a: THE CORE!|81/100 tox|[from] item: Leftovers
|-damage|p1a: THE CORE!|75/100 tox|[from] psn
|upkeep
|turn|31
|
|switch|p2a: Hippowdon|Hippowdon, M|4/100
|move|p1a: THE CORE!|Encore||[still]
|-fail|p1a: THE CORE!
|
|-weather|Sandstorm|[upkeep]
|-heal|p1a: THE CORE!|81/100 tox|[from] item: Leftovers
|-damage|p1a: THE CORE!|69/100 tox|[from] psn
|upkeep
|turn|32
|
|move|p2a: Hippowdon|Slack Off|p2a: Hippowdon
|-heal|p2a: Hippowdon|54/100
|move|p1a: THE CORE!|Stealth Rock|p2a: Hippowdon
|-sidestart|p2: real pheal spheal|move: Stealth Rock
|
|-weather|none
|-heal|p1a: THE CORE!|75/100 tox|[from] item: Leftovers
|-damage|p1a: THE CORE!|57/100 tox|[from] psn
|upkeep
|turn|33
|
|move|p2a: Hippowdon|Stealth Rock|p1a: THE CORE!
|-sidestart|p1: 9RZ|move: Stealth Rock
|move|p1a: THE CORE!|Toxic|p2a: Hippowdon|[miss]
|-miss|p1a: THE CORE!|p2a: Hippowdon
|
|-heal|p1a: THE CORE!|63/100 tox|[from] item: Leftovers
|-damage|p1a: THE CORE!|38/100 tox|[from] psn
|upkeep
|turn|34
|c|☆9RZ|bruh
|c|☆9RZ|bruh
|
|switch|p2a: Toxapex|Toxapex, F|100/100
|-damage|p2a: Toxapex|88/100|[from] Stealth Rock
|move|p1a: THE CORE!|Toxic|p2a: Toxapex
|-immune|p2a: Toxapex
|
|-heal|p2a: Toxapex|94/100|[from] item: Leftovers
|-heal|p1a: THE CORE!|44/100 tox|[from] item: Leftovers
|-damage|p1a: THE CORE!|14/100 tox|[from] psn
|upkeep
|turn|35
|
|move|p2a: Toxapex|Scald|p1a: THE CORE!
|-supereffective|p1a: THE CORE!
|-damage|p1a: THE CORE!|0 fnt
|faint|p1a: THE CORE!
|
|-heal|p2a: Toxapex|100/100|[from] item: Leftovers
|upkeep
|
|switch|p1a: Arab funny|Eldegoss, M|77/100
|-damage|p1a: Arab funny|65/100|[from] Stealth Rock
|turn|36
|
|move|p1a: Arab funny|Leech Seed|p2a: Toxapex
|-start|p2a: Toxapex|move: Leech Seed
|move|p2a: Toxapex|Toxic|p1a: Arab funny
|-status|p1a: Arab funny|tox
|
|-heal|p1a: Arab funny|71/100 tox|[from] item: Leftovers
|-damage|p2a: Toxapex|88/100|[from] Leech Seed|[of] p1a: Arab funny
|-heal|p1a: Arab funny|83/100 tox|[silent]
|-damage|p1a: Arab funny|77/100 tox|[from] psn
|upkeep
|turn|37
|
|switch|p2a: Dragapult|Dragapult, M|85/100 par
|-damage|p2a: Dragapult|72/100 par|[from] Stealth Rock
|move|p1a: Arab funny|Stun Spore|p2a: Dragapult|[miss]
|-miss|p1a: Arab funny|p2a: Dragapult
|
|-heal|p1a: Arab funny|83/100 tox|[from] item: Leftovers
|-damage|p1a: Arab funny|71/100 tox|[from] psn
|upkeep
|turn|38
|
|move|p2a: Dragapult|Draco Meteor|p1a: Arab funny
|-damage|p1a: Arab funny|15/100 tox
|-unboost|p2a: Dragapult|spa|2
|-damage|p2a: Dragapult|63/100 par|[from] item: Life Orb
|move|p1a: Arab funny|Leech Seed|p2a: Dragapult|[miss]
|-miss|p1a: Arab funny|p2a: Dragapult
|
|-heal|p1a: Arab funny|21/100 tox|[from] item: Leftovers
|-damage|p1a: Arab funny|2/100 tox|[from] psn
|upkeep
|turn|39
|c|☆9RZ|this
|c|☆9RZ|OSGEAK
|
|switch|p2a: Toxapex|Toxapex, F|100/100
|-damage|p2a: Toxapex|88/100|[from] Stealth Rock
|move|p1a: Arab funny|Leech Seed|p2a: Toxapex
|-start|p2a: Toxapex|move: Leech Seed
|
|-heal|p1a: Arab funny|9/100 tox|[from] item: Leftovers
|-heal|p2a: Toxapex|94/100|[from] item: Leftovers
|-damage|p2a: Toxapex|82/100|[from] Leech Seed|[of] p1a: Arab funny
|-heal|p1a: Arab funny|20/100 tox|[silent]
|-damage|p1a: Arab funny|0 fnt|[from] psn
|faint|p1a: Arab funny
|upkeep
|
|switch|p1a: Mandibuzz|Mandibuzz, F|9/100
|-damage|p1a: Mandibuzz|0 fnt|[from] Stealth Rock
|faint|p1a: Mandibuzz
|
|switch|p1a: Golisopod|Golisopod, F|43/100
|-damage|p1a: Golisopod|18/100|[from] Stealth Rock
|turn|40
|c|☆9RZ|GG
|
|switch|p2a: Hippowdon|Hippowdon, M|54/100
|-damage|p2a: Hippowdon|48/100|[from] Stealth Rock
|-weather|Sandstorm|[from] ability: Sand Stream|[of] p2a: Hippowdon
|move|p1a: Golisopod|First Impression|p2a: Hippowdon
|-damage|p2a: Hippowdon|14/100
|-damage|p1a: Golisopod|1/100|[from] item: Rocky Helmet|[of] p2a: Hippowdon
|-damage|p1a: Golisopod|0 fnt|[from] item: Life Orb
|faint|p1a: Golisopod
|
|win|real pheal spheal
|c|☆real pheal spheal|gg
|c|☆9RZ|I ate your moms blubber for breakfest last night
|c|☆9RZ|lucky ass
|l|☆9RZ
|l| King Carbonation
|j| King Carbonation
|l| King Carbonation
