|ScrapeTime|2020-01-02-02:26:53
|j|☆Nekron01
|j|☆Brainless man
|player|p1|Nekron01|1|1161
|player|p2|Brainless man|veteran|1123
|teamsize|p1|6
|teamsize|p2|6
|gametype|singles
|gen|8
|tier|[Gen 8] OU
|rated|
|rule|Sleep Clause Mod: Limit one foe put to sleep
|rule|Species Clause: Limit one of each Pokémon
|rule|OHKO Clause: OHKO moves are banned
|rule|Evasion Moves Clause: Evasion moves are banned
|rule|Endless Battle Clause: Forcing endless battles is banned
|rule|HP Percentage Mod: HP is shown in percentages
|clearpoke
|poke|p1|Cramorant, M|
|poke|p1|Eiscue, F|
|poke|p1|Sirfetch'd, F|
|poke|p1|Grimmsnarl, M|
|poke|p1|Toxtricity, F|
|poke|p1|Indeedee, M|
|poke|p2|Dragapult, F|
|poke|p2|Excadrill, F|
|poke|p2|Polteageist|
|poke|p2|Escavalier, M|
|poke|p2|Ditto|
|poke|p2|Shuckle, F|
|rule|Dynamax Clause: You cannot dynamax
|teampreview
|
|start
|switch|p1a: Cramorant|Cramorant, M|100/100
|switch|p2a: Excadrill|Excadrill, F|100/100
|-ability|p2a: Excadrill|Mold Breaker
|turn|1
|
|move|p2a: Excadrill|Rapid Spin|p1a: Cramorant
|-damage|p1a: Cramorant|70/100
|-boost|p2a: Excadrill|spe|1
|move|p1a: Cramorant|Surf|p2a: Excadrill
|-supereffective|p2a: Excadrill
|-damage|p2a: Excadrill|27/100
|-formechange|p1a: Cramorant|Cramorant-Gulping|
|
|-heal|p1a: Cramorant|76/100|[from] item: Leftovers
|upkeep
|turn|2
|
|move|p2a: Excadrill|Stealth Rock|p1a: Cramorant
|-sidestart|p1: Nekron01|move: Stealth Rock
|move|p1a: Cramorant|Stockpile|p1a: Cramorant
|-start|p1a: Cramorant|stockpile1
|-boost|p1a: Cramorant|def|1
|-boost|p1a: Cramorant|spd|1
|
|-heal|p1a: Cramorant|82/100|[from] item: Leftovers
|upkeep
|turn|3
|
|move|p2a: Excadrill|Rapid Spin|p1a: Cramorant
|-damage|p1a: Cramorant|62/100
|-boost|p2a: Excadrill|spe|1
|move|p1a: Cramorant|Stockpile|p1a: Cramorant
|-start|p1a: Cramorant|stockpile2
|-boost|p1a: Cramorant|def|1
|-boost|p1a: Cramorant|spd|1
|
|-heal|p1a: Cramorant|68/100|[from] item: Leftovers
|upkeep
|turn|4
|
|switch|p2a: Shuckle|Shuckle, F|100/100
|move|p1a: Cramorant|Surf|p2a: Shuckle
|-supereffective|p2a: Shuckle
|-damage|p2a: Shuckle|61/100
|
|-heal|p1a: Cramorant|74/100|[from] item: Leftovers
|upkeep
|turn|5
|
|move|p1a: Cramorant|Surf|p2a: Shuckle
|-supereffective|p2a: Shuckle
|-damage|p2a: Shuckle|21/100
|move|p2a: Shuckle|Power Split|p1a: Cramorant
|-activate|p2a: Shuckle|move: Power Split|[of] p1a: Cramorant
|
|-heal|p1a: Cramorant|80/100|[from] item: Leftovers
|upkeep
|turn|6
|
|move|p1a: Cramorant|Surf|p2a: Shuckle
|-supereffective|p2a: Shuckle
|-damage|p2a: Shuckle|0 fnt
|faint|p2a: Shuckle
|
|-heal|p1a: Cramorant|86/100|[from] item: Leftovers
|upkeep
|
|switch|p2a: Ditto|Ditto|100/100
|-transform|p2a: Ditto|p1a: Cramorant|[from] ability: Imposter
|turn|7
|
|move|p2a: Ditto|Surf|p1a: Cramorant
|-resisted|p1a: Cramorant
|-formechange|p1a: Cramorant|Cramorant|
|-damage|p2a: Ditto|76/100|[from] ability: Gulp Missile|[of] p1a: Cramorant
|-unboost|p2a: Ditto|def|1
|-damage|p1a: Cramorant|83/100
|move|p1a: Cramorant|Surf|p2a: Ditto
|-resisted|p2a: Ditto
|-damage|p2a: Ditto|68/100
|-formechange|p1a: Cramorant|Cramorant-Gulping|
|
|-heal|p1a: Cramorant|89/100|[from] item: Leftovers
|upkeep
|turn|8
|
|move|p2a: Ditto|Surf|p1a: Cramorant
|-resisted|p1a: Cramorant
|-formechange|p1a: Cramorant|Cramorant|
|-damage|p2a: Ditto|43/100|[from] ability: Gulp Missile|[of] p1a: Cramorant
|-unboost|p2a: Ditto|def|1
|-damage|p1a: Cramorant|87/100
|move|p1a: Cramorant|Surf|p2a: Ditto
|-resisted|p2a: Ditto
|-damage|p2a: Ditto|36/100
|-formechange|p1a: Cramorant|Cramorant-Gulping|
|
|-heal|p1a: Cramorant|93/100|[from] item: Leftovers
|upkeep
|turn|9
|
|switch|p2a: Escavalier|Escavalier, M|100/100
|move|p1a: Cramorant|Surf|p2a: Escavalier
|-damage|p2a: Escavalier|73/100
|
|-heal|p1a: Cramorant|99/100|[from] item: Leftovers
|-heal|p2a: Escavalier|80/100|[from] item: Leftovers
|upkeep
|turn|10
|
|move|p2a: Escavalier|Protect|p2a: Escavalier
|-singleturn|p2a: Escavalier|Protect
|move|p1a: Cramorant|Surf|p2a: Escavalier
|-activate|p2a: Escavalier|move: Protect
|
|-heal|p1a: Cramorant|100/100|[from] item: Leftovers
|-heal|p2a: Escavalier|86/100|[from] item: Leftovers
|upkeep
|turn|11
|
|move|p1a: Cramorant|Surf|p2a: Escavalier
|-damage|p2a: Escavalier|58/100
|move|p2a: Escavalier|Swords Dance|p2a: Escavalier
|-boost|p2a: Escavalier|atk|2
|
|-heal|p2a: Escavalier|64/100|[from] item: Leftovers
|upkeep
|turn|12
|
|move|p2a: Escavalier|Protect|p2a: Escavalier
|-singleturn|p2a: Escavalier|Protect
|move|p1a: Cramorant|Surf|p2a: Escavalier
|-activate|p2a: Escavalier|move: Protect
|
|-heal|p2a: Escavalier|71/100|[from] item: Leftovers
|upkeep
|turn|13
|
|move|p1a: Cramorant|Surf|p2a: Escavalier
|-damage|p2a: Escavalier|45/100
|move|p2a: Escavalier|Swords Dance|p2a: Escavalier
|-boost|p2a: Escavalier|atk|2
|
|-heal|p2a: Escavalier|51/100|[from] item: Leftovers
|upkeep
|turn|14
|inactive|Battle timer is ON: inactive players will automatically lose when time's up. (requested by Brainless man)
|
|move|p2a: Escavalier|Protect|p2a: Escavalier
|-singleturn|p2a: Escavalier|Protect
|move|p1a: Cramorant|Defog|p2a: Escavalier
|-activate|p2a: Escavalier|move: Protect
|
|-heal|p2a: Escavalier|57/100|[from] item: Leftovers
|upkeep
|turn|15
|
|move|p1a: Cramorant|Defog|p2a: Escavalier
|-unboost|p2a: Escavalier|evasion|1
|-sideend|p1: Nekron01|Stealth Rock|[from] move: Defog|[of] p1a: Cramorant
|move|p2a: Escavalier|Swords Dance|p2a: Escavalier
|-boost|p2a: Escavalier|atk|2
|
|-heal|p2a: Escavalier|63/100|[from] item: Leftovers
|upkeep
|turn|16
|
|move|p1a: Cramorant|Stockpile|p1a: Cramorant
|-start|p1a: Cramorant|stockpile3
|-boost|p1a: Cramorant|def|1
|-boost|p1a: Cramorant|spd|1
|move|p2a: Escavalier|Iron Head|p1a: Cramorant
|-resisted|p1a: Cramorant
|-formechange|p1a: Cramorant|Cramorant|
|-damage|p2a: Escavalier|38/100|[from] ability: Gulp Missile|[of] p1a: Cramorant
|-unboost|p2a: Escavalier|def|1
|-damage|p1a: Cramorant|41/100
|
|-heal|p1a: Cramorant|47/100|[from] item: Leftovers
|-heal|p2a: Escavalier|44/100|[from] item: Leftovers
|upkeep
|turn|17
|
|move|p2a: Escavalier|Protect|p2a: Escavalier
|-singleturn|p2a: Escavalier|Protect
|move|p1a: Cramorant|Roost|p1a: Cramorant
|-heal|p1a: Cramorant|97/100
|-singleturn|p1a: Cramorant|move: Roost
|
|-heal|p1a: Cramorant|100/100|[from] item: Leftovers
|-heal|p2a: Escavalier|50/100|[from] item: Leftovers
|upkeep
|turn|18
|
|move|p1a: Cramorant|Surf|p2a: Escavalier
|-damage|p2a: Escavalier|22/100
|-formechange|p1a: Cramorant|Cramorant-Gulping|
|move|p2a: Escavalier|Iron Head|p1a: Cramorant
|-resisted|p1a: Cramorant
|-formechange|p1a: Cramorant|Cramorant|
|-damage|p2a: Escavalier|0 fnt|[from] ability: Gulp Missile|[of] p1a: Cramorant
|-damage|p1a: Cramorant|43/100
|faint|p2a: Escavalier
|
|-heal|p1a: Cramorant|49/100|[from] item: Leftovers
|upkeep
|
|switch|p2a: Polteageist|Polteageist|100/100
|turn|19
|
|move|p2a: Polteageist|Shell Smash|p2a: Polteageist
|-unboost|p2a: Polteageist|def|1
|-unboost|p2a: Polteageist|spd|1
|-boost|p2a: Polteageist|atk|2
|-boost|p2a: Polteageist|spa|2
|-boost|p2a: Polteageist|spe|2
|move|p1a: Cramorant|Roost|p1a: Cramorant
|-heal|p1a: Cramorant|99/100
|-singleturn|p1a: Cramorant|move: Roost
|
|-heal|p1a: Cramorant|100/100|[from] item: Leftovers
|upkeep
|turn|20
|
|move|p2a: Polteageist|Stored Power|p1a: Cramorant
|-damage|p1a: Cramorant|66/100
|move|p1a: Cramorant|Surf|p2a: Polteageist
|-damage|p2a: Polteageist|55/100
|-formechange|p1a: Cramorant|Cramorant-Gulping|
|
|-heal|p1a: Cramorant|73/100|[from] item: Leftovers
|upkeep
|turn|21
|
|move|p2a: Polteageist|Shell Smash|p2a: Polteageist
|-unboost|p2a: Polteageist|def|1
|-unboost|p2a: Polteageist|spd|1
|-boost|p2a: Polteageist|atk|2
|-boost|p2a: Polteageist|spa|2
|-boost|p2a: Polteageist|spe|2
|move|p1a: Cramorant|Surf|p2a: Polteageist
|-damage|p2a: Polteageist|0 fnt
|faint|p2a: Polteageist
|
|-heal|p1a: Cramorant|79/100|[from] item: Leftovers
|upkeep
|-message|Brainless man forfeited.
|
|win|Nekron01
|l|☆Brainless man
|raw|Nekron01's rating: 1161 → 1183(+22 for winning)
|raw|Brainless man's rating: 1123 → 1100(-23 for losing)
