|ScrapeTime|2020-01-01-20:18:44
|j|☆Stoen28
|j|☆miredsisback
|player|p1|Stoen28|266|1109
|player|p2|miredsisback|265|1140
|teamsize|p1|6
|teamsize|p2|6
|gametype|singles
|gen|8
|tier|[Gen 8] OU
|rated|
|rule|Sleep Clause Mod: Limit one foe put to sleep
|rule|Species Clause: Limit one of each Pokémon
|rule|OHKO Clause: OHKO moves are banned
|rule|Evasion Moves Clause: Evasion moves are banned
|rule|Endless Battle Clause: Forcing endless battles is banned
|rule|HP Percentage Mod: HP is shown in percentages
|clearpoke
|poke|p1|Morpeko, M|
|poke|p1|Arcanine, M|
|poke|p1|Braviary, M|
|poke|p1|Gastrodon-East, F|
|poke|p1|Dragapult, M|
|poke|p1|Goodra, M|
|poke|p2|Dracozolt|
|poke|p2|Butterfree, F|
|poke|p2|Gallade, M|
|poke|p2|Runerigus, F|
|poke|p2|Conkeldurr, F|
|poke|p2|Hatterene, F|
|rule|Dynamax Clause: You cannot dynamax
|teampreview
|
|start
|switch|p1a: Arkpyrine|Arcanine, M|100/100
|switch|p2a: Runerigus|Runerigus, F|100/100
|-ability|p1a: Arkpyrine|Intimidate|boost
|-unboost|p2a: Runerigus|atk|1
|turn|1
|
|switch|p1a: Gas Amiko|Gastrodon-East, F, shiny|100/100
|move|p2a: Runerigus|Stealth Rock|p1a: Gas Amiko
|-sidestart|p1: Stoen28|move: Stealth Rock
|
|upkeep
|turn|2
|
|move|p1a: Gas Amiko|Ice Beam|p2a: Runerigus
|-supereffective|p2a: Runerigus
|-damage|p2a: Runerigus|40/100
|move|p2a: Runerigus|Toxic Spikes|p1a: Gas Amiko
|-sidestart|p1: Stoen28|move: Toxic Spikes
|
|-heal|p2a: Runerigus|46/100|[from] item: Leftovers
|upkeep
|turn|3
|
|switch|p2a: Conkeldurr|Conkeldurr, F|100/100
|move|p1a: Gas Amiko|Ice Beam|p2a: Conkeldurr
|-damage|p2a: Conkeldurr|71/100
|
|upkeep
|turn|4
|
|move|p2a: Conkeldurr|Drain Punch|p1a: Gas Amiko
|-damage|p1a: Gas Amiko|40/100
|-heal|p2a: Conkeldurr|100/100|[from] drain|[of] p1a: Gas Amiko
|-damage|p2a: Conkeldurr|91/100|[from] item: Life Orb
|move|p1a: Gas Amiko|Earth Power|p2a: Conkeldurr
|-damage|p2a: Conkeldurr|40/100
|
|-heal|p1a: Gas Amiko|46/100|[from] item: Leftovers
|upkeep
|turn|5
|
|switch|p1a: Arkpyrine|Arcanine, M|100/100
|-status|p1a: Arkpyrine|psn
|-damage|p1a: Arkpyrine|76/100 psn|[from] Stealth Rock
|-ability|p1a: Arkpyrine|Intimidate|boost
|-unboost|p2a: Conkeldurr|atk|1
|move|p2a: Conkeldurr|Drain Punch|p1a: Arkpyrine
|-damage|p1a: Arkpyrine|42/100 psn
|-heal|p2a: Conkeldurr|56/100|[from] drain|[of] p1a: Arkpyrine
|-damage|p2a: Conkeldurr|39/100|[from] item: Rocky Helmet|[of] p1a: Arkpyrine
|-damage|p2a: Conkeldurr|29/100|[from] item: Life Orb
|
|-damage|p1a: Arkpyrine|29/100 psn|[from] psn
|upkeep
|turn|6
|
|move|p1a: Arkpyrine|Morning Sun|p1a: Arkpyrine
|-heal|p1a: Arkpyrine|79/100 psn
|move|p2a: Conkeldurr|Drain Punch|p1a: Arkpyrine
|-damage|p1a: Arkpyrine|49/100 psn
|-heal|p2a: Conkeldurr|43/100|[from] drain|[of] p1a: Arkpyrine
|-damage|p2a: Conkeldurr|27/100|[from] item: Rocky Helmet|[of] p1a: Arkpyrine
|-damage|p2a: Conkeldurr|17/100|[from] item: Life Orb
|
|-damage|p1a: Arkpyrine|37/100 psn|[from] psn
|upkeep
|turn|7
|
|switch|p2a: Runerigus|Runerigus, F|46/100
|move|p1a: Arkpyrine|Morning Sun|p1a: Arkpyrine
|-heal|p1a: Arkpyrine|86/100 psn
|
|-heal|p2a: Runerigus|52/100|[from] item: Leftovers
|-damage|p1a: Arkpyrine|74/100 psn|[from] psn
|upkeep
|turn|8
|
|move|p1a: Arkpyrine|Flamethrower|p2a: Runerigus
|-damage|p2a: Runerigus|26/100
|move|p2a: Runerigus|Toxic Spikes|p1a: Arkpyrine
|-sidestart|p1: Stoen28|move: Toxic Spikes
|
|-heal|p2a: Runerigus|32/100|[from] item: Leftovers
|-damage|p1a: Arkpyrine|62/100 psn|[from] psn
|upkeep
|turn|9
|
|move|p1a: Arkpyrine|Flamethrower|p2a: Runerigus
|-damage|p2a: Runerigus|5/100
|move|p2a: Runerigus|Destiny Bond|p2a: Runerigus
|-singlemove|p2a: Runerigus|Destiny Bond
|
|-heal|p2a: Runerigus|11/100|[from] item: Leftovers
|-damage|p1a: Arkpyrine|50/100 psn|[from] psn
|upkeep
|turn|10
|
|move|p1a: Arkpyrine|Morning Sun|p1a: Arkpyrine
|-heal|p1a: Arkpyrine|99/100 psn
|move|p2a: Runerigus|Destiny Bond||[still]
|-fail|p2a: Runerigus
|
|-heal|p2a: Runerigus|18/100|[from] item: Leftovers
|-damage|p1a: Arkpyrine|87/100 psn|[from] psn
|upkeep
|turn|11
|
|move|p1a: Arkpyrine|Flamethrower|p2a: Runerigus
|-damage|p2a: Runerigus|0 fnt
|faint|p2a: Runerigus
|
|-damage|p1a: Arkpyrine|75/100 psn|[from] psn
|upkeep
|
|switch|p2a: Hatterene|Hatterene, F|100/100
|turn|12
|
|move|p1a: Arkpyrine|Flamethrower|p2a: Hatterene
|-damage|p2a: Hatterene|71/100
|move|p2a: Hatterene|Psyshock|p1a: Arkpyrine
|-damage|p1a: Arkpyrine|14/100 psn
|
|-damage|p1a: Arkpyrine|2/100 psn|[from] psn
|upkeep
|turn|13
|
|move|p1a: Arkpyrine|Extreme Speed|p2a: Hatterene
|-damage|p2a: Hatterene|47/100
|move|p2a: Hatterene|Psyshock|p1a: Arkpyrine
|-damage|p1a: Arkpyrine|0 fnt
|faint|p1a: Arkpyrine
|
|upkeep
|
|switch|p1a: Brutal|Braviary, M|100/100
|-damage|p1a: Brutal|76/100|[from] Stealth Rock
|turn|14
|
|move|p1a: Brutal|Shadow Claw|p2a: Hatterene
|-supereffective|p2a: Hatterene
|-damage|p2a: Hatterene|0 fnt
|faint|p2a: Hatterene
|
|upkeep
|
|switch|p2a: Dracozolt|Dracozolt|100/100
|turn|15
|
|switch|p1a: Gas Amiko|Gastrodon-East, F, shiny|46/100
|-damage|p1a: Gas Amiko|40/100|[from] Stealth Rock
|-status|p1a: Gas Amiko|tox
|move|p2a: Dracozolt|Dragon Claw|p1a: Gas Amiko
|-damage|p1a: Gas Amiko|0 fnt
|faint|p1a: Gas Amiko
|
|upkeep
|
|switch|p1a: OP-eko|Morpeko, M|100/100
|-damage|p1a: OP-eko|88/100|[from] Stealth Rock
|-status|p1a: OP-eko|tox
|turn|16
|
|move|p1a: OP-eko|Ice Fang|p2a: Dracozolt|[miss]
|-miss|p1a: OP-eko|p2a: Dracozolt
|move|p2a: Dracozolt|Dragon Claw|p1a: OP-eko
|-damage|p1a: OP-eko|0 fnt
|faint|p1a: OP-eko
|
|upkeep
|
|switch|p1a: Brutal|Braviary, M|76/100
|-damage|p1a: Brutal|51/100|[from] Stealth Rock
|turn|17
|
|move|p1a: Brutal|Brave Bird|p2a: Dracozolt
|-resisted|p2a: Dracozolt
|-damage|p2a: Dracozolt|66/100
|-damage|p1a: Brutal|38/100|[from] Recoil
|move|p2a: Dracozolt|Dragon Claw|p1a: Brutal
|-damage|p1a: Brutal|0 fnt
|faint|p1a: Brutal
|
|upkeep
|
|switch|p1a: DadOfTheDecade|Dragapult, M|100/100
|-damage|p1a: DadOfTheDecade|88/100|[from] Stealth Rock
|-status|p1a: DadOfTheDecade|tox
|turn|18
|
|switch|p2a: Conkeldurr|Conkeldurr, F|17/100
|move|p1a: DadOfTheDecade|Dragon Pulse|p2a: Conkeldurr
|-damage|p2a: Conkeldurr|0 fnt
|faint|p2a: Conkeldurr
|
|-damage|p1a: DadOfTheDecade|82/100 tox|[from] psn
|upkeep
|
|switch|p2a: Butterfree|Butterfree, F|100/100
|turn|19
|
|move|p1a: DadOfTheDecade|Dragon Pulse|p2a: Butterfree
|-damage|p2a: Butterfree|19/100
|move|p2a: Butterfree|Hurricane|p1a: DadOfTheDecade
|-damage|p1a: DadOfTheDecade|19/100 tox
|-start|p1a: DadOfTheDecade|confusion
|
|-damage|p1a: DadOfTheDecade|7/100 tox|[from] psn
|upkeep
|turn|20
|
|-activate|p1a: DadOfTheDecade|confusion
|-damage|p1a: DadOfTheDecade|0 fnt|[from] confusion
|faint|p1a: DadOfTheDecade
|move|p2a: Butterfree|Hurricane|p1: DadOfTheDecade|[notarget]
|-fail|p2a: Butterfree
|
|upkeep
|
|switch|p1a: Goonberto|Goodra, M, shiny|100/100
|-status|p1a: Goonberto|tox
|-damage|p1a: Goonberto|88/100 tox|[from] Stealth Rock
|turn|21
|
|move|p2a: Butterfree|Hurricane|p1a: Goonberto|[miss]
|-miss|p2a: Butterfree|p1a: Goonberto
|move|p1a: Goonberto|Rock Slide|p2a: Butterfree
|-supereffective|p2a: Butterfree
|-damage|p2a: Butterfree|0 fnt
|faint|p2a: Butterfree
|
|-damage|p1a: Goonberto|82/100 tox|[from] psn
|upkeep
|
|switch|p2a: Dracozolt|Dracozolt|66/100
|turn|22
|
|move|p1a: Goonberto|Outrage|p2a: Dracozolt
|-supereffective|p2a: Dracozolt
|-damage|p2a: Dracozolt|0 fnt
|faint|p2a: Dracozolt
|
|-damage|p1a: Goonberto|70/100 tox|[from] psn
|upkeep
|
|switch|p2a: Gallade|Gallade, M|100/100
|turn|23
|
|move|p2a: Gallade|Drain Punch|p1a: Goonberto
|-damage|p1a: Goonberto|21/100 tox
|move|p1a: Goonberto|Outrage|p2a: Gallade|[from]lockedmove
|-damage|p2a: Gallade|0 fnt
|faint|p2a: Gallade
|
|win|Stoen28
|l|☆miredsisback
|raw|Stoen28's rating: 1109 → 1136(+27 for winning)
|raw|miredsisback's rating: 1141 → 1114(-27 for losing)
