|ScrapeTime|2020-01-01-13:15:40
|j|☆Kevinfor5
|j|☆darm ittt
|player|p1|Kevinfor5|cyrus|1018
|player|p2|darm ittt|iris-gen5bw2|1000
|teamsize|p1|6
|teamsize|p2|6
|gametype|singles
|gen|8
|tier|[Gen 8] OU
|rated|
|rule|Sleep Clause Mod: Limit one foe put to sleep
|rule|Species Clause: Limit one of each Pokémon
|rule|OHKO Clause: OHKO moves are banned
|rule|Evasion Moves Clause: Evasion moves are banned
|rule|Endless Battle Clause: Forcing endless battles is banned
|rule|HP Percentage Mod: HP is shown in percentages
|clearpoke
|poke|p1|Excadrill, M|
|poke|p1|Dracovish|
|poke|p1|Corsola-Galar, F|
|poke|p1|Barraskewda, M|
|poke|p1|Dragapult, M|
|poke|p1|Togekiss, M|
|poke|p2|Dragapult, F|
|poke|p2|Excadrill, M|
|poke|p2|Dracovish|
|poke|p2|Grimmsnarl, M|
|poke|p2|Seismitoad, F|
|poke|p2|Corviknight, F|
|rule|Dynamax Clause: You cannot dynamax
|teampreview
|inactive|Battle timer is ON: inactive players will automatically lose when time's up. (requested by Kevinfor5)
|
|start
|switch|p1a: Air France|Togekiss, M, shiny|100/100
|switch|p2a: Dragapult|Dragapult, F|100/100
|turn|1
|
|switch|p2a: Corviknight|Corviknight, F, shiny|100/100
|-ability|p2a: Corviknight|Pressure
|move|p1a: Air France|Ancient Power|p2a: Corviknight
|-damage|p2a: Corviknight|79/100
|
|-heal|p2a: Corviknight|86/100|[from] item: Leftovers
|upkeep
|turn|2
|
|switch|p2a: Dracovish|Dracovish, shiny|100/100
|move|p1a: Air France|Ancient Power|p2a: Dracovish
|-damage|p2a: Dracovish|77/100
|
|upkeep
|turn|3
|
|move|p2a: Dracovish|Fishious Rend|p1a: Air France
|-damage|p1a: Air France|0 fnt
|faint|p1a: Air France
|
|upkeep
|
|switch|p1a: Help me|Dracovish|100/100
|turn|4
|
|switch|p2a: Grimmsnarl|Grimmsnarl, M|100/100
|move|p1a: Help me|Fishious Rend|p2a: Grimmsnarl
|-damage|p2a: Grimmsnarl|0 fnt
|faint|p2a: Grimmsnarl
|
|upkeep
|
|switch|p2a: Dragapult|Dragapult, F|100/100
|turn|5
|
|move|p2a: Dragapult|Draco Meteor|p1a: Help me
|-supereffective|p1a: Help me
|-damage|p1a: Help me|0 fnt
|-unboost|p2a: Dragapult|spa|2
|faint|p1a: Help me
|
|upkeep
|
|switch|p1a: Ghosto-san|Dragapult, M|100/100
|turn|6
|
|switch|p2a: Corviknight|Corviknight, F, shiny|86/100
|-ability|p2a: Corviknight|Pressure
|move|p1a: Ghosto-san|Dragon Darts|p2a: Corviknight
|-resisted|p2a: Corviknight
|-damage|p2a: Corviknight|75/100
|-resisted|p2a: Corviknight
|-damage|p2a: Corviknight|64/100
|-hitcount|p2a: Corviknight|2
|
|-heal|p2a: Corviknight|70/100|[from] item: Leftovers
|upkeep
|turn|7
|
|switch|p1a: Death Note|Corsola-Galar, F|100/100
|move|p2a: Corviknight|Bulk Up|p2a: Corviknight
|-boost|p2a: Corviknight|atk|1
|-boost|p2a: Corviknight|def|1
|
|-heal|p2a: Corviknight|77/100|[from] item: Leftovers
|upkeep
|turn|8
|
|move|p2a: Corviknight|Substitute|p2a: Corviknight
|-start|p2a: Corviknight|Substitute
|-damage|p2a: Corviknight|52/100
|move|p1a: Death Note|Will-O-Wisp|p2a: Corviknight|[miss]
|-miss|p1a: Death Note|p2a: Corviknight
|
|-heal|p2a: Corviknight|58/100|[from] item: Leftovers
|upkeep
|turn|9
|
|move|p2a: Corviknight|Bulk Up|p2a: Corviknight
|-boost|p2a: Corviknight|atk|1
|-boost|p2a: Corviknight|def|1
|move|p1a: Death Note|Hex|p2a: Corviknight
|-activate|p2a: Corviknight|move: Substitute|[damage]
|
|-heal|p2a: Corviknight|64/100|[from] item: Leftovers
|upkeep
|turn|10
|
|move|p2a: Corviknight|Bulk Up|p2a: Corviknight
|-boost|p2a: Corviknight|atk|1
|-boost|p2a: Corviknight|def|1
|move|p1a: Death Note|Stealth Rock|p2a: Corviknight
|-sidestart|p2: darm ittt|move: Stealth Rock
|
|-heal|p2a: Corviknight|70/100|[from] item: Leftovers
|upkeep
|turn|11
|
|switch|p1a: Ghosto-san|Dragapult, M|100/100
|move|p2a: Corviknight|Bulk Up|p2a: Corviknight
|-boost|p2a: Corviknight|atk|1
|-boost|p2a: Corviknight|def|1
|
|-heal|p2a: Corviknight|77/100|[from] item: Leftovers
|upkeep
|turn|12
|
|move|p1a: Ghosto-san|Phantom Force||[still]
|-prepare|p1a: Ghosto-san|Phantom Force|p2a: Corviknight
|move|p2a: Corviknight|Iron Head|p1a: Ghosto-san|[miss]
|-miss|p2a: Corviknight|p1a: Ghosto-san
|
|-heal|p2a: Corviknight|83/100|[from] item: Leftovers
|upkeep
|turn|13
|
|move|p1a: Ghosto-san|Phantom Force|p2a: Corviknight|[from]lockedmove
|-damage|p2a: Corviknight|69/100
|move|p2a: Corviknight|Bulk Up|p2a: Corviknight
|-boost|p2a: Corviknight|atk|1
|-boost|p2a: Corviknight|def|1
|
|-heal|p2a: Corviknight|75/100|[from] item: Leftovers
|upkeep
|turn|14
|
|move|p1a: Ghosto-san|Phantom Force||[still]
|-prepare|p1a: Ghosto-san|Phantom Force|p2a: Corviknight
|move|p2a: Corviknight|Bulk Up|p2a: Corviknight
|-boost|p2a: Corviknight|atk|1
|-boost|p2a: Corviknight|def|1
|
|-heal|p2a: Corviknight|81/100|[from] item: Leftovers
|upkeep
|turn|15
|
|move|p1a: Ghosto-san|Phantom Force|p2a: Corviknight|[from]lockedmove
|-damage|p2a: Corviknight|71/100
|move|p2a: Corviknight|Iron Head|p1a: Ghosto-san
|-damage|p1a: Ghosto-san|0 fnt
|faint|p1a: Ghosto-san
|
|-heal|p2a: Corviknight|78/100|[from] item: Leftovers
|upkeep
|
|switch|p1a: MOTEUROKU|Barraskewda, M|100/100
|turn|16
|
|move|p1a: MOTEUROKU|Liquidation|p2a: Corviknight
|-end|p2a: Corviknight|Substitute
|move|p2a: Corviknight|Iron Head|p1a: MOTEUROKU
|-resisted|p1a: MOTEUROKU
|-damage|p1a: MOTEUROKU|5/100
|
|-heal|p2a: Corviknight|84/100|[from] item: Leftovers
|upkeep
|turn|17
|
|move|p1a: MOTEUROKU|Liquidation|p2a: Corviknight
|-damage|p2a: Corviknight|69/100
|-unboost|p2a: Corviknight|def|1
|move|p2a: Corviknight|Substitute|p2a: Corviknight
|-start|p2a: Corviknight|Substitute
|-damage|p2a: Corviknight|44/100
|
|-heal|p2a: Corviknight|50/100|[from] item: Leftovers
|upkeep
|turn|18
|
|move|p1a: MOTEUROKU|Liquidation|p2a: Corviknight
|-activate|p2a: Corviknight|move: Substitute|[damage]
|move|p2a: Corviknight|Roost|p2a: Corviknight
|-heal|p2a: Corviknight|99/100
|-singleturn|p2a: Corviknight|move: Roost
|
|-heal|p2a: Corviknight|100/100|[from] item: Leftovers
|upkeep
|turn|19
|
|move|p1a: MOTEUROKU|Liquidation|p2a: Corviknight
|-crit|p2a: Corviknight
|-end|p2a: Corviknight|Substitute
|move|p2a: Corviknight|Iron Head|p1a: MOTEUROKU
|-resisted|p1a: MOTEUROKU
|-damage|p1a: MOTEUROKU|0 fnt
|faint|p1a: MOTEUROKU
|
|upkeep
|c|☆darm ittt|gg
|-message|Kevinfor5 forfeited.
|
|win|darm ittt
|l|☆Kevinfor5
|raw|Kevinfor5's rating: 1018 → 1004(-14 for losing)
|raw|darm ittt's rating: 1000 → 1042(+42 for winning)
