|ScrapeTime|2020-01-01-21:48:43
|j|☆KingMaster TOG
|j|☆Polo90p
|player|p1|KingMaster TOG|doubleteam|1173
|player|p2|Polo90p|dragontamer|1145
|teamsize|p1|6
|teamsize|p2|6
|gametype|singles
|gen|8
|tier|[Gen 8] OU
|rated|
|rule|Sleep Clause Mod: Limit one foe put to sleep
|rule|Species Clause: Limit one of each Pokémon
|rule|OHKO Clause: OHKO moves are banned
|rule|Evasion Moves Clause: Evasion moves are banned
|rule|Endless Battle Clause: Forcing endless battles is banned
|rule|HP Percentage Mod: HP is shown in percentages
|clearpoke
|poke|p1|Garbodor, F|
|poke|p1|Excadrill, M|
|poke|p1|Frosmoth, M|
|poke|p1|Toxtricity-Low-Key, M|
|poke|p1|Cinderace, M|
|poke|p1|Golisopod, M|
|poke|p2|Inteleon, M|
|poke|p2|Corviknight, M|
|poke|p2|Ditto|
|poke|p2|Ferrothorn, M|
|poke|p2|Hawlucha, M|
|poke|p2|Corsola-Galar, F|
|rule|Dynamax Clause: You cannot dynamax
|teampreview
|
|start
|switch|p1a: Abbachio|Toxtricity-Low-Key, M|100/100
|switch|p2a: Ferrothorn|Ferrothorn, M|100/100
|turn|1
|
|move|p1a: Abbachio|Volt Switch|p2a: Ferrothorn
|-resisted|p2a: Ferrothorn
|-crit|p2a: Ferrothorn
|-damage|p2a: Ferrothorn|77/100
|
|switch|p1a: BRA - GER 7-1|Cinderace, M|100/100|[from]move: Volt Switch
|move|p2a: Ferrothorn|Knock Off|p1a: BRA - GER 7-1
|-damage|p1a: BRA - GER 7-1|70/100
|-enditem|p1a: BRA - GER 7-1|Life Orb|[from] move: Knock Off|[of] p2a: Ferrothorn
|
|-heal|p2a: Ferrothorn|83/100|[from] item: Leftovers
|upkeep
|turn|2
|
|switch|p2a: Inteleon|Inteleon, M|100/100
|move|p1a: BRA - GER 7-1|Pyro Ball|p2a: Inteleon
|-resisted|p2a: Inteleon
|-damage|p2a: Inteleon|49/100
|
|upkeep
|turn|3
|
|switch|p1a: Guzma|Golisopod, M|100/100
|move|p2a: Inteleon|Hydro Pump|p1a: Guzma
|-resisted|p1a: Guzma
|-damage|p1a: Guzma|55/100
|
|upkeep
|turn|4
|
|move|p1a: Guzma|First Impression|p2a: Inteleon
|-damage|p2a: Inteleon|0 fnt
|faint|p2a: Inteleon
|
|upkeep
|
|switch|p2a: Hawlucha|Hawlucha, M|100/100
|turn|5
|
|move|p2a: Hawlucha|Poison Jab|p1a: Guzma
|-damage|p1a: Guzma|37/100
|-enditem|p1a: Guzma|Sitrus Berry|[eat]
|-heal|p1a: Guzma|62/100|[from] item: Sitrus Berry
|move|p1a: Guzma|Razor Shell|p2a: Hawlucha
|-damage|p2a: Hawlucha|42/100
|-unboost|p2a: Hawlucha|def|1
|
|upkeep
|turn|6
|
|switch|p2a: Ferrothorn|Ferrothorn, M|83/100
|move|p1a: Guzma|Aqua Jet|p2a: Ferrothorn
|-resisted|p2a: Ferrothorn
|-crit|p2a: Ferrothorn
|-damage|p2a: Ferrothorn|72/100
|-damage|p1a: Guzma|50/100|[from] ability: Iron Barbs|[of] p2a: Ferrothorn
|-activate|p1a: Guzma|ability: Emergency Exit
|
|switch|p1a: BRA - GER 7-1|Cinderace, M|70/100
|
|-heal|p2a: Ferrothorn|79/100|[from] item: Leftovers
|upkeep
|turn|7
|
|switch|p2a: Hawlucha|Hawlucha, M|42/100
|move|p1a: BRA - GER 7-1|Pyro Ball|p2a: Hawlucha|[miss]
|-miss|p1a: BRA - GER 7-1|p2a: Hawlucha
|
|upkeep
|turn|8
|
|move|p1a: BRA - GER 7-1|U-turn|p2a: Hawlucha
|-resisted|p2a: Hawlucha
|-damage|p2a: Hawlucha|34/100
|
|switch|p1a: Abbachio|Toxtricity-Low-Key, M|100/100|[from]move: U-turn
|move|p2a: Hawlucha|Brave Bird|p1a: Abbachio
|-resisted|p1a: Abbachio
|-damage|p1a: Abbachio|61/100
|-damage|p2a: Hawlucha|22/100|[from] Recoil
|
|upkeep
|turn|9
|
|move|p1a: Abbachio|Volt Switch|p2a: Hawlucha
|-supereffective|p2a: Hawlucha
|-damage|p2a: Hawlucha|0 fnt
|faint|p2a: Hawlucha
|
|switch|p1a: BRA - GER 7-1|Cinderace, M|70/100|[from]move: Volt Switch
|
|upkeep
|
|switch|p2a: Ditto|Ditto, shiny|100/100
|-transform|p2a: Ditto|p1a: BRA - GER 7-1|[from] ability: Imposter
|turn|10
|
|move|p2a: Ditto|High Jump Kick|p1a: BRA - GER 7-1|[miss]
|-miss|p2a: Ditto|p1a: BRA - GER 7-1
|-damage|p2a: Ditto|51/100|[from] highjumpkick
|move|p1a: BRA - GER 7-1|U-turn|p2a: Ditto
|-resisted|p2a: Ditto
|-damage|p2a: Ditto|34/100
|c|☆KingMaster TOG|o o f
|
|switch|p1a: Guzma|Golisopod, M|50/100|[from]move: U-turn
|
|upkeep
|turn|11
|
|move|p2a: Ditto|High Jump Kick|p1a: Guzma
|-resisted|p1a: Guzma
|-damage|p1a: Guzma|34/100
|move|p1a: Guzma|Razor Shell|p2a: Ditto
|-supereffective|p2a: Ditto
|-damage|p2a: Ditto|0 fnt
|faint|p2a: Ditto
|
|upkeep
|
|switch|p2a: Ferrothorn|Ferrothorn, M|79/100
|turn|12
|
|move|p1a: Guzma|Razor Shell|p2a: Ferrothorn
|-resisted|p2a: Ferrothorn
|-crit|p2a: Ferrothorn
|-damage|p2a: Ferrothorn|58/100
|-damage|p1a: Guzma|21/100|[from] ability: Iron Barbs|[of] p2a: Ferrothorn
|move|p2a: Ferrothorn|Stealth Rock|p1a: Guzma
|-sidestart|p1: KingMaster TOG|move: Stealth Rock
|
|-heal|p2a: Ferrothorn|64/100|[from] item: Leftovers
|upkeep
|turn|13
|
|move|p1a: Guzma|Razor Shell|p2a: Ferrothorn
|-resisted|p2a: Ferrothorn
|-crit|p2a: Ferrothorn
|-damage|p2a: Ferrothorn|45/100
|-damage|p1a: Guzma|9/100|[from] ability: Iron Barbs|[of] p2a: Ferrothorn
|move|p2a: Ferrothorn|Leech Seed|p1a: Guzma
|-start|p1a: Guzma|move: Leech Seed
|
|-heal|p2a: Ferrothorn|51/100|[from] item: Leftovers
|-damage|p1a: Guzma|0 fnt|[from] Leech Seed|[of] p2a: Ferrothorn
|-heal|p2a: Ferrothorn|60/100|[silent]
|faint|p1a: Guzma
|upkeep
|
|switch|p1a: BRA - GER 7-1|Cinderace, M|70/100
|-damage|p1a: BRA - GER 7-1|45/100|[from] Stealth Rock
|turn|14
|
|switch|p2a: Corsola|Corsola-Galar, F|100/100
|move|p1a: BRA - GER 7-1|Pyro Ball|p2a: Corsola
|-damage|p2a: Corsola|38/100
|-ability|p2a: Corsola|Weak Armor|boost
|-unboost|p2a: Corsola|def|1
|-boost|p2a: Corsola|spe|2
|
|-heal|p2a: Corsola|45/100|[from] item: Leftovers
|upkeep
|turn|15
|
|move|p1a: BRA - GER 7-1|Pyro Ball|p2a: Corsola
|-damage|p2a: Corsola|0 fnt
|faint|p2a: Corsola
|
|upkeep
|
|switch|p2a: Ferrothorn|Ferrothorn, M|60/100
|turn|16
|
|move|p1a: BRA - GER 7-1|Pyro Ball|p2a: Ferrothorn
|-supereffective|p2a: Ferrothorn
|-damage|p2a: Ferrothorn|0 fnt
|faint|p2a: Ferrothorn
|
|upkeep
|
|switch|p2a: Corviknight|Corviknight, M|100/100
|-ability|p2a: Corviknight|Unnerve|p1: KingMaster TOG
|turn|17
|
|move|p1a: BRA - GER 7-1|Pyro Ball|p2a: Corviknight|[miss]
|-miss|p1a: BRA - GER 7-1|p2a: Corviknight
|move|p2a: Corviknight|Brave Bird|p1a: BRA - GER 7-1
|-damage|p1a: BRA - GER 7-1|0 fnt
|-damage|p2a: Corviknight|89/100|[from] Recoil
|-damage|p2a: Corviknight|79/100|[from] item: Life Orb
|faint|p1a: BRA - GER 7-1
|
|upkeep
|
|switch|p1a: Abbachio|Toxtricity-Low-Key, M|61/100
|-damage|p1a: Abbachio|48/100|[from] Stealth Rock
|turn|18
|
|move|p1a: Abbachio|Overdrive|p2a: Corviknight
|-supereffective|p2a: Corviknight
|-damage|p2a: Corviknight|0 fnt
|faint|p2a: Corviknight
|
|win|KingMaster TOG
|l|☆Polo90p
|raw|KingMaster TOG's rating: 1141 → 1167(+26 for winning)
|raw|Polo90p's rating: 1168 → 1141(-27 for losing)
