|ScrapeTime|2020-01-01-20:05:14
|j|☆hariaruna2002
|j|☆Pokemonlad2007
|player|p1|hariaruna2002|lucas|1012
|player|p2|Pokemonlad2007|ghetsis|1000
|teamsize|p1|6
|teamsize|p2|6
|gametype|singles
|gen|8
|tier|[Gen 8] OU
|rated|
|rule|Sleep Clause Mod: Limit one foe put to sleep
|rule|Species Clause: Limit one of each Pokémon
|rule|OHKO Clause: OHKO moves are banned
|rule|Evasion Moves Clause: Evasion moves are banned
|rule|Endless Battle Clause: Forcing endless battles is banned
|rule|HP Percentage Mod: HP is shown in percentages
|clearpoke
|poke|p1|Cinderace, M|
|poke|p1|Toxtricity, F|
|poke|p1|Toxapex, F|
|poke|p1|Togekiss, F|
|poke|p1|Hippowdon, M|
|poke|p1|Corsola-Galar, F|
|poke|p2|Corviknight, M|
|poke|p2|Tyranitar, F|
|poke|p2|Gyarados, M|
|poke|p2|Mimikyu, M|
|poke|p2|Grimmsnarl, M|
|poke|p2|Clefable, F|
|rule|Dynamax Clause: You cannot dynamax
|teampreview
|
|start
|switch|p1a: Cinderace|Cinderace, M|100/100
|switch|p2a: Corviknight|Corviknight, M|100/100
|-ability|p2a: Corviknight|Pressure
|turn|1
|
|switch|p2a: Gyarados|Gyarados, M, shiny|100/100
|-ability|p2a: Gyarados|Intimidate|boost
|-unboost|p1a: Cinderace|atk|1
|move|p1a: Cinderace|Pyro Ball|p2a: Gyarados
|-resisted|p2a: Gyarados
|-damage|p2a: Gyarados|77/100
|-damage|p1a: Cinderace|91/100|[from] item: Life Orb
|
|-heal|p2a: Gyarados|83/100|[from] item: Leftovers
|upkeep
|turn|2
|
|switch|p1a: Hippowdon|Hippowdon, M|100/100
|move|p2a: Gyarados|Aqua Tail|p1a: Hippowdon|[miss]
|-miss|p2a: Gyarados|p1a: Hippowdon
|
|-heal|p2a: Gyarados|89/100|[from] item: Leftovers
|upkeep
|turn|3
|
|switch|p1a: Toxtricity|Toxtricity, F|100/100
|move|p2a: Gyarados|Hydro Pump|p1a: Toxtricity
|-damage|p1a: Toxtricity|60/100
|
|-heal|p2a: Gyarados|95/100|[from] item: Leftovers
|upkeep
|turn|4
|
|move|p1a: Toxtricity|Overdrive|p2a: Gyarados
|-supereffective|p2a: Gyarados
|-damage|p2a: Gyarados|0 fnt
|-enditem|p1a: Toxtricity|Throat Spray
|-boost|p1a: Toxtricity|spa|1
|faint|p2a: Gyarados
|
|upkeep
|
|switch|p2a: Tyranitar|Tyranitar, F|100/100
|-weather|Sandstorm|[from] ability: Sand Stream|[of] p2a: Tyranitar
|turn|5
|
|switch|p1a: Toxapex|Toxapex, F|100/100
|move|p2a: Tyranitar|Earth Power|p1a: Toxapex
|-supereffective|p1a: Toxapex
|-damage|p1a: Toxapex|67/100
|
|-weather|Sandstorm|[upkeep]
|-damage|p1a: Toxapex|60/100|[from] Sandstorm
|-heal|p1a: Toxapex|67/100|[from] item: Black Sludge
|upkeep
|turn|6
|
|move|p2a: Tyranitar|Earth Power|p1a: Toxapex
|-supereffective|p1a: Toxapex
|-damage|p1a: Toxapex|31/100
|move|p1a: Toxapex|Stockpile|p1a: Toxapex
|-start|p1a: Toxapex|stockpile1
|-boost|p1a: Toxapex|def|1
|-boost|p1a: Toxapex|spd|1
|
|-weather|Sandstorm|[upkeep]
|-damage|p1a: Toxapex|25/100|[from] Sandstorm
|-heal|p1a: Toxapex|31/100|[from] item: Black Sludge
|upkeep
|turn|7
|
|move|p2a: Tyranitar|Earth Power|p1a: Toxapex
|-supereffective|p1a: Toxapex
|-damage|p1a: Toxapex|6/100
|move|p1a: Toxapex|Recover|p1a: Toxapex
|-heal|p1a: Toxapex|56/100
|
|-weather|Sandstorm|[upkeep]
|-damage|p1a: Toxapex|50/100|[from] Sandstorm
|-heal|p1a: Toxapex|56/100|[from] item: Black Sludge
|upkeep
|turn|8
|
|move|p2a: Tyranitar|Thunderbolt|p1a: Toxapex
|-supereffective|p1a: Toxapex
|-damage|p1a: Toxapex|33/100
|move|p1a: Toxapex|Recover|p1a: Toxapex
|-heal|p1a: Toxapex|83/100
|
|-weather|Sandstorm|[upkeep]
|-damage|p1a: Toxapex|77/100|[from] Sandstorm
|-heal|p1a: Toxapex|83/100|[from] item: Black Sludge
|upkeep
|turn|9
|
|move|p2a: Tyranitar|Earth Power|p1a: Toxapex
|-supereffective|p1a: Toxapex
|-damage|p1a: Toxapex|59/100
|move|p1a: Toxapex|Stockpile|p1a: Toxapex
|-start|p1a: Toxapex|stockpile2
|-boost|p1a: Toxapex|def|1
|-boost|p1a: Toxapex|spd|1
|
|-weather|none
|-heal|p1a: Toxapex|65/100|[from] item: Black Sludge
|upkeep
|turn|10
|
|move|p2a: Tyranitar|Earth Power|p1a: Toxapex
|-supereffective|p1a: Toxapex
|-damage|p1a: Toxapex|48/100
|move|p1a: Toxapex|Stockpile|p1a: Toxapex
|-start|p1a: Toxapex|stockpile3
|-boost|p1a: Toxapex|def|1
|-boost|p1a: Toxapex|spd|1
|
|-heal|p1a: Toxapex|54/100|[from] item: Black Sludge
|upkeep
|turn|11
|
|move|p1a: Toxapex|Toxic|p2a: Tyranitar
|-status|p2a: Tyranitar|tox
|move|p2a: Tyranitar|Avalanche|p1a: Toxapex
|-resisted|p1a: Toxapex
|-damage|p1a: Toxapex|51/100
|
|-heal|p1a: Toxapex|57/100|[from] item: Black Sludge
|-damage|p2a: Tyranitar|94/100 tox|[from] psn
|upkeep
|turn|12
|
|move|p2a: Tyranitar|Fire Blast|p1a: Toxapex
|-resisted|p1a: Toxapex
|-damage|p1a: Toxapex|53/100
|move|p1a: Toxapex|Recover|p1a: Toxapex
|-heal|p1a: Toxapex|100/100
|
|-heal|p2a: Tyranitar|100/100 tox|[from] item: Leftovers
|-damage|p2a: Tyranitar|88/100 tox|[from] psn
|upkeep
|turn|13
|
|move|p2a: Tyranitar|Earth Power|p1a: Toxapex
|-supereffective|p1a: Toxapex
|-damage|p1a: Toxapex|86/100
|move|p1a: Toxapex|Scald|p2a: Tyranitar
|-supereffective|p2a: Tyranitar
|-damage|p2a: Tyranitar|61/100 tox
|
|-heal|p2a: Tyranitar|68/100 tox|[from] item: Leftovers
|-heal|p1a: Toxapex|92/100|[from] item: Black Sludge
|-damage|p2a: Tyranitar|49/100 tox|[from] psn
|upkeep
|turn|14
|
|move|p2a: Tyranitar|Fire Blast|p1a: Toxapex|[miss]
|-miss|p2a: Tyranitar|p1a: Toxapex
|move|p1a: Toxapex|Scald|p2a: Tyranitar
|-supereffective|p2a: Tyranitar
|-damage|p2a: Tyranitar|22/100 tox
|
|-heal|p2a: Tyranitar|28/100 tox|[from] item: Leftovers
|-heal|p1a: Toxapex|98/100|[from] item: Black Sludge
|-damage|p2a: Tyranitar|3/100 tox|[from] psn
|upkeep
|turn|15
|
|move|p2a: Tyranitar|Thunderbolt|p1a: Toxapex
|-supereffective|p1a: Toxapex
|-damage|p1a: Toxapex|84/100
|-status|p1a: Toxapex|par
|cant|p1a: Toxapex|par
|
|-heal|p2a: Tyranitar|9/100 tox|[from] item: Leftovers
|-heal|p1a: Toxapex|90/100 par|[from] item: Black Sludge
|-damage|p2a: Tyranitar|0 fnt|[from] psn
|faint|p2a: Tyranitar
|upkeep
|
|switch|p2a: Grimmsnarl|Grimmsnarl, M|100/100
|turn|16
|
|switch|p1a: Toxtricity|Toxtricity, F|60/100
|move|p2a: Grimmsnarl|Power Whip|p1a: Toxtricity
|-resisted|p1a: Toxtricity
|-damage|p1a: Toxtricity|30/100
|
|upkeep
|turn|17
|
|switch|p1a: Toxapex|Toxapex, F|100/100 par
|move|p2a: Grimmsnarl|False Surrender|p1a: Toxapex
|-damage|p1a: Toxapex|75/100 par
|
|-heal|p1a: Toxapex|81/100 par|[from] item: Black Sludge
|upkeep
|turn|18
|
|move|p2a: Grimmsnarl|Power Whip|p1a: Toxapex
|-damage|p1a: Toxapex|53/100 par
|move|p1a: Toxapex|Stockpile|p1a: Toxapex
|-start|p1a: Toxapex|stockpile1
|-boost|p1a: Toxapex|def|1
|-boost|p1a: Toxapex|spd|1
|
|-heal|p1a: Toxapex|59/100 par|[from] item: Black Sludge
|upkeep
|turn|19
|
|move|p2a: Grimmsnarl|Power Whip|p1a: Toxapex
|-crit|p1a: Toxapex
|-damage|p1a: Toxapex|19/100 par
|move|p1a: Toxapex|Stockpile|p1a: Toxapex
|-start|p1a: Toxapex|stockpile2
|-boost|p1a: Toxapex|def|1
|-boost|p1a: Toxapex|spd|1
|
|-heal|p1a: Toxapex|25/100 par|[from] item: Black Sludge
|upkeep
|turn|20
|
|move|p2a: Grimmsnarl|Power Whip|p1a: Toxapex|[miss]
|-miss|p2a: Grimmsnarl|p1a: Toxapex
|move|p1a: Toxapex|Recover|p1a: Toxapex
|-heal|p1a: Toxapex|75/100 par
|
|-heal|p1a: Toxapex|81/100 par|[from] item: Black Sludge
|upkeep
|turn|21
|
|move|p2a: Grimmsnarl|Power Whip|p1a: Toxapex
|-damage|p1a: Toxapex|67/100 par
|move|p1a: Toxapex|Stockpile|p1a: Toxapex
|-start|p1a: Toxapex|stockpile3
|-boost|p1a: Toxapex|def|1
|-boost|p1a: Toxapex|spd|1
|
|-heal|p1a: Toxapex|73/100 par|[from] item: Black Sludge
|upkeep
|turn|22
|
|move|p2a: Grimmsnarl|Throat Chop|p1a: Toxapex
|-damage|p1a: Toxapex|62/100 par
|-start|p1a: Toxapex|Throat Chop|[silent]
|move|p1a: Toxapex|Toxic|p2a: Grimmsnarl
|-status|p2a: Grimmsnarl|tox
|
|-heal|p1a: Toxapex|68/100 par|[from] item: Black Sludge
|-damage|p2a: Grimmsnarl|94/100 tox|[from] psn
|upkeep
|turn|23
|inactive|Battle timer is ON: inactive players will automatically lose when time's up. (requested by Pokemonlad2007)
|
|move|p2a: Grimmsnarl|Power Whip|p1a: Toxapex
|-damage|p1a: Toxapex|57/100 par
|move|p1a: Toxapex|Scald|p2a: Grimmsnarl
|-damage|p2a: Grimmsnarl|77/100 tox
|
|-heal|p2a: Grimmsnarl|83/100 tox|[from] item: Leftovers
|-heal|p1a: Toxapex|63/100 par|[from] item: Black Sludge
|-damage|p2a: Grimmsnarl|71/100 tox|[from] psn
|-end|p1a: Toxapex|Throat Chop|[silent]
|upkeep
|turn|24
|
|switch|p2a: Mimikyu|Mimikyu, M|100/100
|move|p1a: Toxapex|Scald|p2a: Mimikyu
|-activate|p2a: Mimikyu|ability: Disguise
|-damage|p2a: Mimikyu|100/100
|detailschange|p2a: Mimikyu|Mimikyu-Busted, M
|-damage|p2a: Mimikyu|88/100|[from] ability: Disguise|[of] p2a: Mimikyu
|
|-heal|p2a: Mimikyu|94/100|[from] item: Leftovers
|-heal|p1a: Toxapex|70/100 par|[from] item: Black Sludge
|upkeep
|turn|25
|
|move|p2a: Mimikyu|Will-O-Wisp||[still]
|-fail|p2a: Mimikyu
|move|p1a: Toxapex|Toxic|p2a: Mimikyu
|-status|p2a: Mimikyu|tox
|
|-heal|p2a: Mimikyu|99/100 tox|[from] item: Leftovers
|-heal|p1a: Toxapex|76/100 par|[from] item: Black Sludge
|-damage|p2a: Mimikyu|94/100 tox|[from] psn
|upkeep
|turn|26
|
|move|p2a: Mimikyu|Will-O-Wisp||[still]
|-fail|p2a: Mimikyu
|move|p1a: Toxapex|Scald|p2a: Mimikyu
|-damage|p2a: Mimikyu|75/100 tox
|
|-heal|p2a: Mimikyu|81/100 tox|[from] item: Leftovers
|-heal|p1a: Toxapex|82/100 par|[from] item: Black Sludge
|-damage|p2a: Mimikyu|69/100 tox|[from] psn
|upkeep
|turn|27
|c|☆hariaruna2002|you cant burn me
|c|☆hariaruna2002|im paralyzed
|inactive|hariaruna2002 has 120 seconds left.
|
|move|p2a: Mimikyu|Play Rough|p1a: Toxapex
|-resisted|p1a: Toxapex
|-damage|p1a: Toxapex|77/100 par
|-unboost|p1a: Toxapex|atk|1
|move|p1a: Toxapex|Scald|p2a: Mimikyu
|-damage|p2a: Mimikyu|52/100 tox
|
|-heal|p2a: Mimikyu|58/100 tox|[from] item: Leftovers
|-heal|p1a: Toxapex|83/100 par|[from] item: Black Sludge
|-damage|p2a: Mimikyu|40/100 tox|[from] psn
|upkeep
|turn|28
|inactive|hariaruna2002 has 120 seconds left.
|
|move|p2a: Mimikyu|Pain Split|p1a: Toxapex
|-sethp|p1a: Toxapex|67/100 par|[from] move: Pain Split|[silent]
|-sethp|p2a: Mimikyu|52/100 tox|[from] move: Pain Split
|cant|p1a: Toxapex|par
|
|-heal|p2a: Mimikyu|58/100 tox|[from] item: Leftovers
|-heal|p1a: Toxapex|73/100 par|[from] item: Black Sludge
|-damage|p2a: Mimikyu|34/100 tox|[from] psn
|upkeep
|turn|29
|inactive|hariaruna2002 has 120 seconds left.
|
|move|p2a: Mimikyu|Pain Split|p1a: Toxapex
|-sethp|p1a: Toxapex|58/100 par|[from] move: Pain Split|[silent]
|-sethp|p2a: Mimikyu|45/100 tox|[from] move: Pain Split
|move|p1a: Toxapex|Scald|p2a: Mimikyu
|-crit|p2a: Mimikyu
|-damage|p2a: Mimikyu|18/100 tox
|
|-heal|p2a: Mimikyu|24/100 tox|[from] item: Leftovers
|-heal|p1a: Toxapex|65/100 par|[from] item: Black Sludge
|-damage|p2a: Mimikyu|0 fnt|[from] psn
|faint|p2a: Mimikyu
|upkeep
|inactive|Pokemonlad2007 has 120 seconds left.
|inactive|Pokemonlad2007 has 90 seconds left.
|
|switch|p2a: Clefable|Clefable, F|100/100
|turn|30
|inactive|Pokemonlad2007 has 90 seconds left.
|
|move|p2a: Clefable|Bounce||[still]
|-prepare|p2a: Clefable|Bounce|p1a: Toxapex
|move|p1a: Toxapex|Toxic|p2a: Clefable
|-status|p2a: Clefable|tox
|
|-heal|p1a: Toxapex|71/100 par|[from] item: Black Sludge
|upkeep
|turn|31
|
|move|p2a: Clefable|Bounce|p1a: Toxapex|[from]lockedmove
|-damage|p1a: Toxapex|66/100 par
|move|p1a: Toxapex|Recover|p1a: Toxapex
|-heal|p1a: Toxapex|100/100 par
|
|upkeep
|turn|32
|
|move|p2a: Clefable|Bounce||[still]
|-prepare|p2a: Clefable|Bounce|p1a: Toxapex
|cant|p1a: Toxapex|par
|
|upkeep
|turn|33
|
|move|p2a: Clefable|Bounce|p1a: Toxapex|[from]lockedmove
|-damage|p1a: Toxapex|95/100 par
|move|p1a: Toxapex|Scald|p2a: Clefable
|-damage|p2a: Clefable|85/100 tox
|
|-heal|p2a: Clefable|91/100 tox|[from] item: Leftovers
|-heal|p1a: Toxapex|100/100 par|[from] item: Black Sludge
|upkeep
|turn|34
|
|move|p2a: Clefable|Hyper Voice|p1a: Toxapex
|-damage|p1a: Toxapex|93/100 par
|move|p1a: Toxapex|Scald|p2a: Clefable
|-damage|p2a: Clefable|74/100 tox
|
|-heal|p2a: Clefable|80/100 tox|[from] item: Leftovers
|-heal|p1a: Toxapex|99/100 par|[from] item: Black Sludge
|upkeep
|turn|35
|
|move|p2a: Clefable|Fire Blast|p1a: Toxapex
|-resisted|p1a: Toxapex
|-damage|p1a: Toxapex|95/100 par
|move|p1a: Toxapex|Scald|p2a: Clefable
|-damage|p2a: Clefable|64/100 tox
|
|-heal|p2a: Clefable|71/100 tox|[from] item: Leftovers
|-heal|p1a: Toxapex|100/100 par|[from] item: Black Sludge
|upkeep
|turn|36
|inactive|Pokemonlad2007 has 90 seconds left.
|
|move|p2a: Clefable|Blizzard|p1a: Toxapex
|-resisted|p1a: Toxapex
|-damage|p1a: Toxapex|96/100 par
|move|p1a: Toxapex|Scald|p2a: Clefable
|-damage|p2a: Clefable|56/100 tox
|
|-heal|p2a: Clefable|62/100 tox|[from] item: Leftovers
|-heal|p1a: Toxapex|100/100 par|[from] item: Black Sludge
|upkeep
|turn|37
|inactive|Pokemonlad2007 has 90 seconds left.
|
|move|p2a: Clefable|Hyper Voice|p1a: Toxapex
|-damage|p1a: Toxapex|94/100 par
|move|p1a: Toxapex|Scald|p2a: Clefable
|-damage|p2a: Clefable|47/100 tox
|
|-heal|p2a: Clefable|53/100 tox|[from] item: Leftovers
|-heal|p1a: Toxapex|99/100 par|[from] item: Black Sludge
|upkeep
|turn|38
|inactive|Pokemonlad2007 has 90 seconds left.
|
|switch|p2a: Corviknight|Corviknight, M|100/100
|-ability|p2a: Corviknight|Pressure
|cant|p1a: Toxapex|par
|
|-heal|p1a: Toxapex|100/100 par|[from] item: Black Sludge
|upkeep
|turn|39
|inactive|Pokemonlad2007 has 90 seconds left.
|
|move|p2a: Corviknight|Steel Beam|p1a: Toxapex
|-resisted|p1a: Toxapex
|-damage|p1a: Toxapex|95/100 par
|-damage|p2a: Corviknight|50/100|[from] mindblown
|move|p1a: Toxapex|Scald|p2a: Corviknight
|-damage|p2a: Corviknight|34/100
|
|-heal|p2a: Corviknight|41/100|[from] item: Leftovers
|-heal|p1a: Toxapex|100/100 par|[from] item: Black Sludge
|upkeep
|turn|40
|inactive|Pokemonlad2007 has 90 seconds left.
|
|move|p2a: Corviknight|Brave Bird|p1a: Toxapex
|-damage|p1a: Toxapex|88/100 par
|-damage|p2a: Corviknight|38/100|[from] Recoil
|move|p1a: Toxapex|Scald|p2a: Corviknight
|-damage|p2a: Corviknight|21/100
|
|-heal|p2a: Corviknight|27/100|[from] item: Leftovers
|-heal|p1a: Toxapex|94/100 par|[from] item: Black Sludge
|upkeep
|turn|41
|inactive|Pokemonlad2007 has 90 seconds left.
|
|move|p2a: Corviknight|Hurricane|p1a: Toxapex|[miss]
|-miss|p2a: Corviknight|p1a: Toxapex
|move|p1a: Toxapex|Scald|p2a: Corviknight
|-damage|p2a: Corviknight|12/100
|
|-heal|p2a: Corviknight|18/100|[from] item: Leftovers
|-heal|p1a: Toxapex|100/100 par|[from] item: Black Sludge
|upkeep
|turn|42
|inactive|Pokemonlad2007 has 90 seconds left.
|
|move|p2a: Corviknight|Brave Bird|p1a: Toxapex
|-damage|p1a: Toxapex|89/100 par
|-damage|p2a: Corviknight|16/100|[from] Recoil
|move|p1a: Toxapex|Scald|p2a: Corviknight
|-damage|p2a: Corviknight|0 fnt
|faint|p2a: Corviknight
|
|-heal|p1a: Toxapex|95/100 par|[from] item: Black Sludge
|upkeep
|
|switch|p2a: Clefable|Clefable, F|53/100 tox
|turn|43
|c|☆hariaruna2002|you should have roost on your corvinight
|
|move|p2a: Clefable|Blizzard|p1a: Toxapex|[miss]
|-miss|p2a: Clefable|p1a: Toxapex
|move|p1a: Toxapex|Scald|p2a: Clefable
|-damage|p2a: Clefable|37/100 tox
|
|-heal|p2a: Clefable|43/100 tox|[from] item: Leftovers
|-heal|p1a: Toxapex|100/100 par|[from] item: Black Sludge
|upkeep
|turn|44
|
|move|p2a: Clefable|Bounce||[still]
|-prepare|p2a: Clefable|Bounce|p1a: Toxapex
|move|p1a: Toxapex|Scald|p2a: Clefable|[miss]
|-miss|p1a: Toxapex|p2a: Clefable
|
|-heal|p2a: Clefable|49/100 tox|[from] item: Leftovers
|upkeep
|turn|45
|
|move|p2a: Clefable|Bounce|p1a: Toxapex|[from]lockedmove
|-damage|p1a: Toxapex|96/100 par
|cant|p1a: Toxapex|par
|
|-heal|p2a: Clefable|55/100 tox|[from] item: Leftovers
|-heal|p1a: Toxapex|100/100 par|[from] item: Black Sludge
|upkeep
|turn|46
|inactive|Pokemonlad2007 has 90 seconds left.
|
|move|p2a: Clefable|Fire Blast|p1a: Toxapex
|-resisted|p1a: Toxapex
|-damage|p1a: Toxapex|97/100 par
|move|p1a: Toxapex|Scald|p2a: Clefable
|-damage|p2a: Clefable|39/100 tox
|
|-heal|p2a: Clefable|45/100 tox|[from] item: Leftovers
|-heal|p1a: Toxapex|100/100 par|[from] item: Black Sludge
|upkeep
|turn|47
|inactive|Pokemonlad2007 has 90 seconds left.
|
|move|p2a: Clefable|Hyper Voice|p1a: Toxapex
|-damage|p1a: Toxapex|94/100 par
|move|p1a: Toxapex|Scald|p2a: Clefable
|-damage|p2a: Clefable|29/100 tox
|
|-heal|p2a: Clefable|35/100 tox|[from] item: Leftovers
|-heal|p1a: Toxapex|99/100 par|[from] item: Black Sludge
|upkeep
|turn|48
|inactive|Pokemonlad2007 has 90 seconds left.
|
|switch|p2a: Grimmsnarl|Grimmsnarl, M|71/100 tox
|switch|p1a: Cinderace|Cinderace, M|91/100
|
|-heal|p2a: Grimmsnarl|77/100 tox|[from] item: Leftovers
|-damage|p2a: Grimmsnarl|71/100 tox|[from] psn
|upkeep
|turn|49
|inactive|Pokemonlad2007 has 90 seconds left.
|
|move|p1a: Cinderace|Iron Head|p2a: Grimmsnarl
|-supereffective|p2a: Grimmsnarl
|-damage|p2a: Grimmsnarl|0 fnt
|-damage|p1a: Cinderace|81/100|[from] item: Life Orb
|faint|p2a: Grimmsnarl
|
|upkeep
|
|switch|p2a: Clefable|Clefable, F|35/100 tox
|turn|50
|
|move|p1a: Cinderace|Iron Head|p2a: Clefable
|-supereffective|p2a: Clefable
|-crit|p2a: Clefable
|-damage|p2a: Clefable|0 fnt
|-damage|p1a: Cinderace|71/100|[from] item: Life Orb
|faint|p2a: Clefable
|
|win|hariaruna2002
|raw|hariaruna2002's rating: 1013 → 1049(+36 for winning)
|raw|Pokemonlad2007's rating: 1000 → 1000(+0 for losing)
