|ScrapeTime|2020-01-02-06:12:29
|j|☆Dugtriostan
|j|☆Richist
|player|p1|Dugtriostan|dancer|1434
|player|p2|Richist|waiter|1442
|teamsize|p1|6
|teamsize|p2|6
|gametype|singles
|gen|8
|tier|[Gen 8] OU
|rated|
|rule|Sleep Clause Mod: Limit one foe put to sleep
|rule|Species Clause: Limit one of each Pokémon
|rule|OHKO Clause: OHKO moves are banned
|rule|Evasion Moves Clause: Evasion moves are banned
|rule|Endless Battle Clause: Forcing endless battles is banned
|rule|HP Percentage Mod: HP is shown in percentages
|clearpoke
|poke|p1|Salazzle, F|
|poke|p1|Dragapult, M|
|poke|p1|Seismitoad, F|
|poke|p1|Corviknight, M|
|poke|p1|Sylveon, F|
|poke|p1|Ditto|
|poke|p2|Bisharp, F|
|poke|p2|Dragapult, M|
|poke|p2|Clefable, F|
|poke|p2|Gyarados, F|
|poke|p2|Hippowdon, F|
|poke|p2|Rotom-Mow|
|rule|Dynamax Clause: You cannot dynamax
|teampreview
|
|start
|switch|p1a: Salazzle|Salazzle, F|100/100
|switch|p2a: Hippowdon|Hippowdon, F|100/100
|-weather|Sandstorm|[from] ability: Sand Stream|[of] p2a: Hippowdon
|turn|1
|
|move|p1a: Salazzle|Substitute|p1a: Salazzle
|-start|p1a: Salazzle|Substitute
|-damage|p1a: Salazzle|76/100
|move|p2a: Hippowdon|Stealth Rock|p1a: Salazzle
|-sidestart|p1: Dugtriostan|move: Stealth Rock
|
|-weather|Sandstorm|[upkeep]
|-damage|p1a: Salazzle|70/100|[from] Sandstorm
|-heal|p1a: Salazzle|76/100|[from] item: Black Sludge
|upkeep
|turn|2
|
|move|p1a: Salazzle|Toxic|p2a: Hippowdon
|-status|p2a: Hippowdon|tox
|move|p2a: Hippowdon|Earthquake|p1a: Salazzle
|-supereffective|p1a: Salazzle
|-end|p1a: Salazzle|Substitute
|
|-weather|Sandstorm|[upkeep]
|-damage|p1a: Salazzle|70/100|[from] Sandstorm
|-heal|p1a: Salazzle|76/100|[from] item: Black Sludge
|-damage|p2a: Hippowdon|94/100 tox|[from] psn
|upkeep
|turn|3
|
|switch|p1a: Corviknight|Corviknight, M|100/100
|-damage|p1a: Corviknight|88/100|[from] Stealth Rock
|-ability|p1a: Corviknight|Pressure
|move|p2a: Hippowdon|Roar|p1a: Corviknight
|drag|p1a: Seismitoad|Seismitoad, F|100/100
|-damage|p1a: Seismitoad|94/100|[from] Stealth Rock
|
|-weather|Sandstorm|[upkeep]
|-heal|p1a: Seismitoad|100/100|[from] item: Leftovers
|-heal|p2a: Hippowdon|100/100 tox|[from] item: Leftovers
|-damage|p2a: Hippowdon|88/100 tox|[from] psn
|upkeep
|turn|4
|
|switch|p1a: Corviknight|Corviknight, M|88/100
|-damage|p1a: Corviknight|75/100|[from] Stealth Rock
|-ability|p1a: Corviknight|Pressure
|switch|p2a: Gyarados|Gyarados, F|100/100
|-ability|p2a: Gyarados|Intimidate|boost
|-unboost|p1a: Corviknight|atk|1
|
|-weather|Sandstorm|[upkeep]
|-damage|p2a: Gyarados|94/100|[from] Sandstorm
|-heal|p1a: Corviknight|82/100|[from] item: Leftovers
|upkeep
|turn|5
|
|move|p2a: Gyarados|Waterfall|p1a: Corviknight
|-damage|p1a: Corviknight|53/100
|move|p1a: Corviknight|Defog|p2a: Gyarados
|-unboost|p2a: Gyarados|evasion|1
|-sideend|p1: Dugtriostan|Stealth Rock|[from] move: Defog|[of] p1a: Corviknight
|
|-weather|none
|-heal|p1a: Corviknight|59/100|[from] item: Leftovers
|upkeep
|turn|6
|
|move|p2a: Gyarados|Waterfall|p1a: Corviknight
|-damage|p1a: Corviknight|32/100
|move|p1a: Corviknight|Roost|p1a: Corviknight
|-heal|p1a: Corviknight|82/100
|-singleturn|p1a: Corviknight|move: Roost
|
|-heal|p1a: Corviknight|88/100|[from] item: Leftovers
|upkeep
|turn|7
|
|switch|p2a: Rotom|Rotom-Mow|100/100
|move|p1a: Corviknight|U-turn|p2a: Rotom
|-supereffective|p2a: Rotom
|-damage|p2a: Rotom|74/100
|
|switch|p1a: Salazzle|Salazzle, F|76/100|[from]move: U-turn
|
|-heal|p1a: Salazzle|82/100|[from] item: Black Sludge
|upkeep
|turn|8
|
|move|p2a: Rotom|Thunderbolt|p1a: Salazzle
|-damage|p1a: Salazzle|21/100
|move|p1a: Salazzle|Flamethrower|p2a: Rotom
|-supereffective|p2a: Rotom
|-damage|p2a: Rotom|0 fnt
|faint|p2a: Rotom
|
|-heal|p1a: Salazzle|27/100|[from] item: Black Sludge
|upkeep
|
|switch|p2a: Dragapult|Dragapult, M|100/100
|turn|9
|
|switch|p1a: Sylveon|Sylveon, F|100/100
|move|p2a: Dragapult|Shadow Ball|p1a: Sylveon
|-damage|p1a: Sylveon|67/100
|
|-heal|p1a: Sylveon|73/100|[from] item: Leftovers
|upkeep
|turn|10
|
|switch|p2a: Hippowdon|Hippowdon, F|88/100 tox
|-weather|Sandstorm|[from] ability: Sand Stream|[of] p2a: Hippowdon
|move|p1a: Sylveon|Mystical Fire|p2a: Hippowdon
|-damage|p2a: Hippowdon|74/100 tox
|-unboost|p2a: Hippowdon|spa|1
|
|-weather|Sandstorm|[upkeep]
|-damage|p1a: Sylveon|67/100|[from] Sandstorm
|-heal|p1a: Sylveon|73/100|[from] item: Leftovers
|-heal|p2a: Hippowdon|80/100 tox|[from] item: Leftovers
|-damage|p2a: Hippowdon|74/100 tox|[from] psn
|upkeep
|turn|11
|
|switch|p1a: Corviknight|Corviknight, M|88/100
|-ability|p1a: Corviknight|Pressure
|move|p2a: Hippowdon|Stealth Rock|p1a: Corviknight
|-sidestart|p1: Dugtriostan|move: Stealth Rock
|
|-weather|Sandstorm|[upkeep]
|-heal|p1a: Corviknight|94/100|[from] item: Leftovers
|-heal|p2a: Hippowdon|80/100 tox|[from] item: Leftovers
|-damage|p2a: Hippowdon|68/100 tox|[from] psn
|upkeep
|turn|12
|
|switch|p2a: Bisharp|Bisharp, F|100/100
|move|p1a: Corviknight|Defog|p2a: Bisharp
|-unboost|p2a: Bisharp|evasion|1
|-ability|p2a: Bisharp|Defiant
|-boost|p2a: Bisharp|atk|2
|-sideend|p1: Dugtriostan|Stealth Rock|[from] move: Defog|[of] p1a: Corviknight
|
|-weather|Sandstorm|[upkeep]
|-heal|p1a: Corviknight|100/100|[from] item: Leftovers
|upkeep
|turn|13
|
|move|p2a: Bisharp|Substitute|p2a: Bisharp
|-start|p2a: Bisharp|Substitute
|-damage|p2a: Bisharp|76/100
|move|p1a: Corviknight|U-turn|p2a: Bisharp
|-activate|p2a: Bisharp|move: Substitute|[damage]
|
|switch|p1a: Dragapult|Dragapult, M|100/100|[from]move: U-turn
|
|-weather|Sandstorm|[upkeep]
|-damage|p1a: Dragapult|94/100|[from] Sandstorm
|-heal|p1a: Dragapult|100/100|[from] item: Leftovers
|-heal|p2a: Bisharp|82/100|[from] item: Leftovers
|upkeep
|turn|14
|
|move|p2a: Bisharp|Sucker Punch||[still]
|-fail|p2a: Bisharp
|move|p1a: Dragapult|Substitute|p1a: Dragapult
|-start|p1a: Dragapult|Substitute
|-damage|p1a: Dragapult|76/100
|
|-weather|none
|-heal|p1a: Dragapult|82/100|[from] item: Leftovers
|-heal|p2a: Bisharp|88/100|[from] item: Leftovers
|upkeep
|turn|15
|
|move|p1a: Dragapult|Will-O-Wisp|p2a: Bisharp
|-status|p2a: Bisharp|brn
|move|p2a: Bisharp|Iron Head|p1a: Dragapult
|-end|p1a: Dragapult|Substitute
|
|-heal|p1a: Dragapult|88/100|[from] item: Leftovers
|-heal|p2a: Bisharp|93/100 brn|[from] item: Leftovers
|-damage|p2a: Bisharp|88/100 brn|[from] brn
|upkeep
|turn|16
|
|move|p1a: Dragapult|Disable|p2a: Bisharp
|-start|p2a: Bisharp|Disable|Iron Head
|move|p2a: Bisharp|Swords Dance|p2a: Bisharp
|-boost|p2a: Bisharp|atk|2
|
|-heal|p1a: Dragapult|94/100|[from] item: Leftovers
|-heal|p2a: Bisharp|93/100 brn|[from] item: Leftovers
|-damage|p2a: Bisharp|88/100 brn|[from] brn
|upkeep
|turn|17
|
|move|p1a: Dragapult|Substitute|p1a: Dragapult
|-start|p1a: Dragapult|Substitute
|-damage|p1a: Dragapult|69/100
|move|p2a: Bisharp|Swords Dance|p2a: Bisharp
|-boost|p2a: Bisharp|atk|2
|
|-heal|p1a: Dragapult|75/100|[from] item: Leftovers
|-heal|p2a: Bisharp|93/100 brn|[from] item: Leftovers
|-damage|p2a: Bisharp|88/100 brn|[from] brn
|upkeep
|turn|18
|
|move|p2a: Bisharp|Sucker Punch|p1a: Dragapult
|-supereffective|p1a: Dragapult
|-end|p1a: Dragapult|Substitute
|move|p1a: Dragapult|Hex|p2a: Bisharp
|-resisted|p2a: Bisharp
|-damage|p2a: Bisharp|50/100 brn
|
|-heal|p1a: Dragapult|81/100|[from] item: Leftovers
|-heal|p2a: Bisharp|56/100 brn|[from] item: Leftovers
|-damage|p2a: Bisharp|50/100 brn|[from] brn
|upkeep
|turn|19
|
|move|p2a: Bisharp|Sucker Punch||[still]
|-fail|p2a: Bisharp
|move|p1a: Dragapult|Substitute|p1a: Dragapult
|-start|p1a: Dragapult|Substitute
|-damage|p1a: Dragapult|56/100
|
|-heal|p1a: Dragapult|63/100|[from] item: Leftovers
|-heal|p2a: Bisharp|56/100 brn|[from] item: Leftovers
|-damage|p2a: Bisharp|50/100 brn|[from] brn
|-end|p2a: Bisharp|Disable
|upkeep
|turn|20
|c|☆Dugtriostan|how cool
|
|move|p2a: Bisharp|Sucker Punch|p1a: Dragapult
|-supereffective|p1a: Dragapult
|-end|p1a: Dragapult|Substitute
|move|p1a: Dragapult|Hex|p2a: Bisharp
|-resisted|p2a: Bisharp
|-damage|p2a: Bisharp|13/100 brn
|
|-heal|p1a: Dragapult|69/100|[from] item: Leftovers
|-heal|p2a: Bisharp|19/100 brn|[from] item: Leftovers
|-damage|p2a: Bisharp|13/100 brn|[from] brn
|upkeep
|turn|21
|c|☆Dugtriostan|lol
|
|move|p1a: Dragapult|Substitute|p1a: Dragapult
|-start|p1a: Dragapult|Substitute
|-damage|p1a: Dragapult|44/100
|move|p2a: Bisharp|Iron Head|p1a: Dragapult
|-end|p1a: Dragapult|Substitute
|
|-heal|p1a: Dragapult|50/100|[from] item: Leftovers
|-heal|p2a: Bisharp|19/100 brn|[from] item: Leftovers
|-damage|p2a: Bisharp|13/100 brn|[from] brn
|upkeep
|turn|22
|
|move|p1a: Dragapult|Disable|p2a: Bisharp
|-start|p2a: Bisharp|Disable|Iron Head
|cant|p2a: Bisharp|Disable|Iron Head
|
|-heal|p1a: Dragapult|56/100|[from] item: Leftovers
|-heal|p2a: Bisharp|19/100 brn|[from] item: Leftovers
|-damage|p2a: Bisharp|13/100 brn|[from] brn
|upkeep
|turn|23
|
|switch|p2a: Clefable|Clefable, F|100/100
|move|p1a: Dragapult|Substitute|p1a: Dragapult
|-start|p1a: Dragapult|Substitute
|-damage|p1a: Dragapult|31/100
|
|-heal|p1a: Dragapult|37/100|[from] item: Leftovers
|upkeep
|turn|24
|
|move|p1a: Dragapult|Will-O-Wisp|p2a: Clefable
|-status|p2a: Clefable|brn
|move|p2a: Clefable|Moonblast|p1a: Dragapult
|-supereffective|p1a: Dragapult
|-end|p1a: Dragapult|Substitute
|
|-heal|p1a: Dragapult|43/100|[from] item: Leftovers
|upkeep
|turn|25
|
|move|p1a: Dragapult|Disable|p2a: Clefable
|-start|p2a: Clefable|Disable|Moonblast
|cant|p2a: Clefable|Disable|Moonblast
|
|-heal|p1a: Dragapult|49/100|[from] item: Leftovers
|upkeep
|turn|26
|
|move|p1a: Dragapult|Substitute|p1a: Dragapult
|-start|p1a: Dragapult|Substitute
|-damage|p1a: Dragapult|25/100
|move|p2a: Clefable|Flamethrower|p1a: Dragapult
|-resisted|p1a: Dragapult
|-activate|p1a: Dragapult|move: Substitute|[damage]
|
|-heal|p1a: Dragapult|31/100|[from] item: Leftovers
|upkeep
|turn|27
|
|switch|p2a: Hippowdon|Hippowdon, F|68/100 tox
|-weather|Sandstorm|[from] ability: Sand Stream|[of] p2a: Hippowdon
|move|p1a: Dragapult|Hex|p2a: Hippowdon
|-damage|p2a: Hippowdon|34/100 tox
|
|-weather|Sandstorm|[upkeep]
|-damage|p1a: Dragapult|25/100|[from] Sandstorm
|-heal|p1a: Dragapult|31/100|[from] item: Leftovers
|-heal|p2a: Hippowdon|40/100 tox|[from] item: Leftovers
|-damage|p2a: Hippowdon|34/100 tox|[from] psn
|upkeep
|turn|28
|
|move|p1a: Dragapult|Hex|p2a: Hippowdon
|-damage|p2a: Hippowdon|3/100 tox
|move|p2a: Hippowdon|Roar|p1a: Dragapult
|drag|p1a: Salazzle|Salazzle, F|27/100
|
|-weather|Sandstorm|[upkeep]
|-damage|p1a: Salazzle|21/100|[from] Sandstorm
|-heal|p1a: Salazzle|27/100|[from] item: Black Sludge
|-heal|p2a: Hippowdon|9/100 tox|[from] item: Leftovers
|-damage|p2a: Hippowdon|0 fnt|[from] psn
|faint|p2a: Hippowdon
|upkeep
|
|switch|p2a: Dragapult|Dragapult, M|100/100
|turn|29
|
|switch|p1a: Sylveon|Sylveon, F|73/100
|move|p2a: Dragapult|Shadow Ball|p1a: Sylveon
|-damage|p1a: Sylveon|41/100
|
|-weather|Sandstorm|[upkeep]
|-damage|p2a: Dragapult|95/100|[from] Sandstorm
|-damage|p1a: Sylveon|35/100|[from] Sandstorm
|-heal|p1a: Sylveon|41/100|[from] item: Leftovers
|upkeep
|turn|30
|
|switch|p2a: Bisharp|Bisharp, F|13/100 brn
|move|p1a: Sylveon|Wish|p1a: Sylveon
|
|-weather|Sandstorm|[upkeep]
|-damage|p1a: Sylveon|35/100|[from] Sandstorm
|-heal|p2a: Bisharp|19/100 brn|[from] item: Leftovers
|-heal|p1a: Sylveon|41/100|[from] item: Leftovers
|-damage|p2a: Bisharp|13/100 brn|[from] brn
|upkeep
|turn|31
|
|switch|p2a: Gyarados|Gyarados, F|94/100
|-ability|p2a: Gyarados|Intimidate|boost
|-unboost|p1a: Sylveon|atk|1
|move|p1a: Sylveon|Protect||[still]
|-fail|p1a: Sylveon
|
|-weather|none
|-heal|p1a: Sylveon|91/100|[from] move: Wish|[wisher] Sylveon
|-heal|p1a: Sylveon|97/100|[from] item: Leftovers
|upkeep
|turn|32
|
|switch|p1a: Corviknight|Corviknight, M|100/100
|-ability|p1a: Corviknight|Pressure
|move|p2a: Gyarados|Waterfall|p1a: Corviknight
|-damage|p1a: Corviknight|72/100
|
|-heal|p1a: Corviknight|78/100|[from] item: Leftovers
|upkeep
|turn|33
|
|move|p2a: Gyarados|Waterfall|p1a: Corviknight
|-damage|p1a: Corviknight|50/100
|move|p1a: Corviknight|U-turn|p2a: Gyarados
|-resisted|p2a: Gyarados
|-damage|p2a: Gyarados|86/100
|
|switch|p1a: Dragapult|Dragapult, M|31/100|[from]move: U-turn
|
|-heal|p1a: Dragapult|37/100|[from] item: Leftovers
|upkeep
|turn|34
|
|move|p1a: Dragapult|Will-O-Wisp|p2a: Gyarados
|-status|p2a: Gyarados|brn
|move|p2a: Gyarados|Earthquake|p1a: Dragapult
|-damage|p1a: Dragapult|17/100
|
|-heal|p1a: Dragapult|23/100|[from] item: Leftovers
|-damage|p2a: Gyarados|80/100 brn|[from] brn
|upkeep
|turn|35
|
|switch|p1a: Corviknight|Corviknight, M|50/100
|-ability|p1a: Corviknight|Pressure
|switch|p2a: Dragapult|Dragapult, M|95/100
|
|-heal|p1a: Corviknight|56/100|[from] item: Leftovers
|upkeep
|turn|36
|
|switch|p1a: Sylveon|Sylveon, F|97/100
|move|p2a: Dragapult|Shadow Ball|p1a: Sylveon
|-damage|p1a: Sylveon|66/100
|
|-heal|p1a: Sylveon|72/100|[from] item: Leftovers
|upkeep
|turn|37
|
|move|p2a: Dragapult|Shadow Ball|p1a: Sylveon
|-damage|p1a: Sylveon|39/100
|-unboost|p1a: Sylveon|spd|1
|move|p1a: Sylveon|Hyper Voice|p2a: Dragapult
|-supereffective|p2a: Dragapult
|-damage|p2a: Dragapult|0 fnt
|faint|p2a: Dragapult
|
|-heal|p1a: Sylveon|45/100|[from] item: Leftovers
|upkeep
|-message|Richist forfeited.
|
|win|Dugtriostan
|l|☆Richist
|raw|Dugtriostan's rating: 1434 → 1454(+20 for winning)
|raw|Richist's rating: 1442 → 1421(-21 for losing)
