|ScrapeTime|2020-01-01-11:16:02
|j|☆HoNico23
|j|☆GinLoli
|player|p1|HoNico23|169|1252
|player|p2|GinLoli|265|1290
|teamsize|p1|6
|teamsize|p2|6
|gametype|singles
|gen|8
|tier|[Gen 8] OU
|rated|
|rule|Sleep Clause Mod: Limit one foe put to sleep
|rule|Species Clause: Limit one of each Pokémon
|rule|OHKO Clause: OHKO moves are banned
|rule|Evasion Moves Clause: Evasion moves are banned
|rule|Endless Battle Clause: Forcing endless battles is banned
|rule|HP Percentage Mod: HP is shown in percentages
|clearpoke
|poke|p1|Aegislash, M|
|poke|p1|Rotom-Heat|
|poke|p1|Corviknight, F|
|poke|p1|Hydreigon, M|
|poke|p1|Clefable, F|
|poke|p1|Seismitoad, M|
|poke|p2|Barraskewda, F|
|poke|p2|Pelipper, M|
|poke|p2|Toxtricity, F|
|poke|p2|Seismitoad, F|
|poke|p2|Ferrothorn, M|
|poke|p2|Weezing-Galar, F|
|rule|Dynamax Clause: You cannot dynamax
|teampreview
|inactive|Battle timer is ON: inactive players will automatically lose when time's up. (requested by HoNico23)
|
|start
|switch|p1a: Rotom|Rotom-Heat|100/100
|switch|p2a: Pelipper|Pelipper, M|100/100
|-weather|RainDance|[from] ability: Drizzle|[of] p2a: Pelipper
|turn|1
|
|switch|p2a: Seismitoad|Seismitoad, F|100/100
|move|p1a: Rotom|Volt Switch|p2a: Seismitoad
|-immune|p2a: Seismitoad
|
|-weather|RainDance|[upkeep]
|upkeep
|turn|2
|
|switch|p1a: Seismitoad|Seismitoad, M|100/100
|move|p2a: Seismitoad|Power Whip|p1a: Seismitoad
|-supereffective|p1a: Seismitoad
|-damage|p1a: Seismitoad|0 fnt
|faint|p1a: Seismitoad
|
|-weather|RainDance|[upkeep]
|upkeep
|
|switch|p1a: Corviknight|Corviknight, F|100/100
|-ability|p1a: Corviknight|Pressure
|turn|3
|
|switch|p2a: Toxtricity|Toxtricity, F|100/100
|move|p1a: Corviknight|Brave Bird|p2a: Toxtricity
|-resisted|p2a: Toxtricity
|-crit|p2a: Toxtricity
|-damage|p2a: Toxtricity|56/100
|-damage|p1a: Corviknight|90/100|[from] Recoil
|
|-weather|RainDance|[upkeep]
|-heal|p1a: Corviknight|96/100|[from] item: Leftovers
|upkeep
|turn|4
|
|switch|p1a: Rotom|Rotom-Heat|100/100
|move|p2a: Toxtricity|Shift Gear|p2a: Toxtricity
|-boost|p2a: Toxtricity|spe|2
|-boost|p2a: Toxtricity|atk|1
|
|-weather|RainDance|[upkeep]
|upkeep
|turn|5
|
|move|p2a: Toxtricity|Boomburst|p1a: Rotom
|-crit|p1a: Rotom
|-damage|p1a: Rotom|0 fnt
|-enditem|p2a: Toxtricity|Throat Spray
|-boost|p2a: Toxtricity|spa|1
|faint|p1a: Rotom
|
|-weather|RainDance|[upkeep]
|upkeep
|
|switch|p1a: Aegislash|Aegislash, M|100/100
|-item|p1a: Aegislash|Air Balloon
|turn|6
|
|move|p2a: Toxtricity|Overdrive|p1a: Aegislash
|-damage|p1a: Aegislash|33/100
|-enditem|p1a: Aegislash|Air Balloon
|move|p1a: Aegislash|Swords Dance|p1a: Aegislash
|-boost|p1a: Aegislash|atk|2
|
|-weather|RainDance|[upkeep]
|upkeep
|turn|7
|
|switch|p2a: Ferrothorn|Ferrothorn, M|100/100
|-formechange|p1a: Aegislash|Aegislash-Blade||[from] ability: Stance Change
|move|p1a: Aegislash|Shadow Sneak|p2a: Ferrothorn
|-damage|p2a: Ferrothorn|72/100
|-damage|p1a: Aegislash|21/100|[from] ability: Iron Barbs|[of] p2a: Ferrothorn
|-damage|p1a: Aegislash|4/100|[from] item: Rocky Helmet|[of] p2a: Ferrothorn
|
|-weather|RainDance|[upkeep]
|upkeep
|turn|8
|
|move|p1a: Aegislash|Close Combat|p2a: Ferrothorn
|-supereffective|p2a: Ferrothorn
|-damage|p2a: Ferrothorn|0 fnt
|-damage|p1a: Aegislash|0 fnt|[from] ability: Iron Barbs|[of] p2a: Ferrothorn
|faint|p2a: Ferrothorn
|faint|p1a: Aegislash
|
|-weather|none
|upkeep
|
|switch|p1a: Clefable|Clefable, F|100/100
|switch|p2a: Pelipper|Pelipper, M|100/100
|-weather|RainDance|[from] ability: Drizzle|[of] p2a: Pelipper
|turn|9
|
|switch|p2a: Seismitoad|Seismitoad, F|100/100
|move|p1a: Clefable|Thunderbolt|p2a: Seismitoad
|-immune|p2a: Seismitoad
|
|-weather|RainDance|[upkeep]
|upkeep
|turn|10
|
|switch|p1a: Corviknight|Corviknight, F|96/100
|-ability|p1a: Corviknight|Pressure
|move|p2a: Seismitoad|Liquidation|p1a: Corviknight
|-damage|p1a: Corviknight|30/100
|
|-weather|RainDance|[upkeep]
|-heal|p1a: Corviknight|36/100|[from] item: Leftovers
|upkeep
|turn|11
|
|move|p2a: Seismitoad|Liquidation|p1a: Corviknight
|-damage|p1a: Corviknight|0 fnt
|faint|p1a: Corviknight
|
|-weather|RainDance|[upkeep]
|upkeep
|
|switch|p1a: Hydreigon|Hydreigon, M|100/100
|turn|12
|
|move|p2a: Seismitoad|Liquidation|p1a: Hydreigon
|-resisted|p1a: Hydreigon
|-damage|p1a: Hydreigon|50/100
|-unboost|p1a: Hydreigon|def|1
|move|p1a: Hydreigon|Substitute|p1a: Hydreigon
|-start|p1a: Hydreigon|Substitute
|-damage|p1a: Hydreigon|25/100
|
|-weather|RainDance|[upkeep]
|-heal|p1a: Hydreigon|32/100|[from] item: Leftovers
|upkeep
|turn|13
|
|move|p2a: Seismitoad|Liquidation|p1a: Hydreigon
|-resisted|p1a: Hydreigon
|-end|p1a: Hydreigon|Substitute
|move|p1a: Hydreigon|Dark Pulse|p2a: Seismitoad
|-damage|p2a: Seismitoad|54/100
|
|-weather|RainDance|[upkeep]
|-heal|p1a: Hydreigon|38/100|[from] item: Leftovers
|upkeep
|turn|14
|
|move|p2a: Seismitoad|Liquidation|p1a: Hydreigon
|-resisted|p1a: Hydreigon
|-damage|p1a: Hydreigon|0 fnt
|faint|p1a: Hydreigon
|
|-weather|RainDance|[upkeep]
|upkeep
|
|switch|p1a: Clefable|Clefable, F|100/100
|turn|15
|
|move|p2a: Seismitoad|Liquidation|p1a: Clefable
|-crit|p1a: Clefable
|-damage|p1a: Clefable|0 fnt
|faint|p1a: Clefable
|
|win|GinLoli
|raw|HoNico23's rating: 1253 → 1231(-22 for losing)
|raw|GinLoli's rating: 1290 → 1313(+23 for winning)
|l|☆HoNico23
