|ScrapeTime|2020-01-03-01:24:43
|j|☆SamDoge24
|j|☆scf
|player|p1|SamDoge24|10|1198
|player|p2|scf|265|1160
|teamsize|p1|6
|teamsize|p2|6
|gametype|singles
|gen|8
|tier|[Gen 8] OU
|rated|
|rule|Sleep Clause Mod: Limit one foe put to sleep
|rule|Species Clause: Limit one of each Pokémon
|rule|OHKO Clause: OHKO moves are banned
|rule|Evasion Moves Clause: Evasion moves are banned
|rule|Endless Battle Clause: Forcing endless battles is banned
|rule|HP Percentage Mod: HP is shown in percentages
|clearpoke
|poke|p1|Excadrill, M|
|poke|p1|Hatterene, F|
|poke|p1|Dragapult, M|
|poke|p1|Cinderace, M|
|poke|p1|Corsola-Galar, M|
|poke|p1|Frosmoth, F|
|poke|p2|Toxicroak, M|
|poke|p2|Chandelure, F|
|poke|p2|Gardevoir, F|
|poke|p2|Skuntank, M|
|poke|p2|Rotom-Wash|
|poke|p2|Eldegoss, M|
|rule|Dynamax Clause: You cannot dynamax
|teampreview
|inactive|Battle timer is ON: inactive players will automatically lose when time's up. (requested by SamDoge24)
|
|start
|switch|p1a: Drill|Excadrill, M, shiny|100/100
|switch|p2a: Eldegoss|Eldegoss, M|100/100
|turn|1
|
|move|p1a: Drill|Swords Dance|p1a: Drill
|-boost|p1a: Drill|atk|2
|move|p2a: Eldegoss|Leech Seed|p1a: Drill
|-start|p1a: Drill|move: Leech Seed
|
|-damage|p1a: Drill|88/100|[from] Leech Seed|[of] p2a: Eldegoss
|upkeep
|turn|2
|
|move|p1a: Drill|Rapid Spin|p2a: Eldegoss
|-damage|p2a: Eldegoss|71/100
|-end|p1a: Drill|Leech Seed|[from] move: Rapid Spin|[of] p1a: Drill
|-boost|p1a: Drill|spe|1
|-enditem|p2a: Eldegoss|Red Card|[of] p1a: Drill
|drag|p1a: Coral|Corsola-Galar, M, shiny|100/100
|move|p2a: Eldegoss|Giga Drain|p1a: Coral
|-damage|p1a: Coral|88/100
|-heal|p2a: Eldegoss|77/100|[from] drain|[of] p1a: Coral
|
|upkeep
|turn|3
|
|switch|p1a: The Hatt|Hatterene, F, shiny|100/100
|move|p2a: Eldegoss|Leech Seed|p1a: The Hatt
|move|p1a: The Hatt|Leech Seed|p2a: Eldegoss|[from]Magic Bounce
|-immune|p2a: Eldegoss
|
|upkeep
|turn|4
|
|switch|p2a: Skuntank|Skuntank, M|100/100
|move|p1a: The Hatt|Psychic|p2a: Skuntank
|-immune|p2a: Skuntank
|
|upkeep
|turn|5
|c|☆SamDoge24|Im dumb
|
|switch|p1a: Drill|Excadrill, M, shiny|88/100
|move|p2a: Skuntank|Throat Chop|p1a: Drill
|-damage|p1a: Drill|32/100
|-start|p1a: Drill|Throat Chop|[silent]
|-damage|p2a: Skuntank|91/100|[from] item: Life Orb
|
|upkeep
|turn|6
|
|move|p2a: Skuntank|Sucker Punch|p1a: Drill
|-damage|p1a: Drill|0 fnt
|-damage|p2a: Skuntank|81/100|[from] item: Life Orb
|faint|p1a: Drill
|
|upkeep
|c|☆scf|Yep lol
|
|switch|p1a: Moth|Frosmoth, F|100/100
|turn|7
|
|move|p2a: Skuntank|Toxic|p1a: Moth
|-status|p1a: Moth|tox
|move|p1a: Moth|Quiver Dance|p1a: Moth
|-boost|p1a: Moth|spa|1
|-boost|p1a: Moth|spd|1
|-boost|p1a: Moth|spe|1
|
|-damage|p1a: Moth|94/100 tox|[from] psn
|upkeep
|turn|8
|inactive|scf has 120 seconds left.
|
|switch|p2a: Toxicroak|Toxicroak, M|100/100
|move|p1a: Moth|Substitute|p1a: Moth
|-start|p1a: Moth|Substitute
|-damage|p1a: Moth|69/100 tox
|
|-heal|p1a: Moth|75/100 tox|[from] item: Leftovers
|-damage|p1a: Moth|63/100 tox|[from] psn
|upkeep
|turn|9
|
|move|p1a: Moth|Ice Beam|p2a: Toxicroak
|-damage|p2a: Toxicroak|22/100
|move|p2a: Toxicroak|Drain Punch|p1a: Moth
|-end|p1a: Moth|Substitute
|-heal|p2a: Toxicroak|34/100|[from] drain|[of] p1a: Moth
|
|-heal|p1a: Moth|69/100 tox|[from] item: Leftovers
|-heal|p2a: Toxicroak|40/100|[from] item: Black Sludge
|-damage|p1a: Moth|51/100 tox|[from] psn
|upkeep
|turn|10
|inactive|scf has 120 seconds left.
|
|move|p1a: Moth|Substitute|p1a: Moth
|-start|p1a: Moth|Substitute
|-damage|p1a: Moth|26/100 tox
|move|p2a: Toxicroak|Drain Punch|p1a: Moth
|-end|p1a: Moth|Substitute
|-heal|p2a: Toxicroak|52/100|[from] drain|[of] p1a: Moth
|
|-heal|p1a: Moth|32/100 tox|[from] item: Leftovers
|-heal|p2a: Toxicroak|58/100|[from] item: Black Sludge
|-damage|p1a: Moth|8/100 tox|[from] psn
|upkeep
|turn|11
|
|move|p1a: Moth|Ice Beam|p2a: Toxicroak
|-crit|p2a: Toxicroak
|-damage|p2a: Toxicroak|0 fnt
|faint|p2a: Toxicroak
|
|-heal|p1a: Moth|14/100 tox|[from] item: Leftovers
|-damage|p1a: Moth|0 fnt|[from] psn
|faint|p1a: Moth
|upkeep
|
|switch|p1a: ._.|Dragapult, M, shiny|100/100
|switch|p2a: Skuntank|Skuntank, M|81/100
|turn|12
|
|switch|p1a: Ace|Cinderace, M|100/100
|move|p2a: Skuntank|Sucker Punch||[still]
|-fail|p2a: Skuntank
|
|upkeep
|turn|13
|
|switch|p2a: Rotom|Rotom-Wash|100/100
|move|p1a: Ace|High Jump Kick|p2a: Rotom
|-damage|p2a: Rotom|34/100
|-damage|p1a: Ace|91/100|[from] item: Life Orb
|
|upkeep
|turn|14
|
|move|p2a: Rotom|Hydro Pump|p1a: Ace
|-supereffective|p1a: Ace
|-damage|p1a: Ace|0 fnt
|faint|p1a: Ace
|
|upkeep
|
|switch|p1a: The Hatt|Hatterene, F, shiny|100/100
|turn|15
|
|move|p2a: Rotom|Hydro Pump|p1a: The Hatt
|-damage|p1a: The Hatt|46/100
|move|p1a: The Hatt|Dazzling Gleam|p2a: Rotom
|-damage|p2a: Rotom|0 fnt
|faint|p2a: Rotom
|
|upkeep
|
|switch|p2a: Skuntank|Skuntank, M|81/100
|turn|16
|
|move|p2a: Skuntank|Poison Jab|p1a: The Hatt
|-supereffective|p1a: The Hatt
|-damage|p1a: The Hatt|0 fnt
|-damage|p2a: Skuntank|71/100|[from] item: Life Orb
|faint|p1a: The Hatt
|
|upkeep
|
|switch|p1a: Coral|Corsola-Galar, M, shiny|88/100
|turn|17
|
|move|p2a: Skuntank|Toxic|p1a: Coral
|-status|p1a: Coral|tox
|move|p1a: Coral|Will-O-Wisp|p2a: Skuntank
|-status|p2a: Skuntank|brn
|
|-damage|p2a: Skuntank|65/100 brn|[from] brn
|-damage|p1a: Coral|82/100 tox|[from] psn
|upkeep
|turn|18
|
|switch|p2a: Chandelure|Chandelure, F|100/100
|move|p1a: Coral|Night Shade|p2a: Chandelure
|-damage|p2a: Chandelure|62/100
|
|-damage|p1a: Coral|70/100 tox|[from] psn
|upkeep
|turn|19
|
|move|p2a: Chandelure|Shadow Ball|p1a: Coral
|-supereffective|p1a: Coral
|-damage|p1a: Coral|14/100 tox
|-start|p2a: Chandelure|Disable|Shadow Ball|[from] ability: Cursed Body|[of] p1a: Coral
|move|p1a: Coral|Strength Sap|p2a: Chandelure
|-unboost|p2a: Chandelure|atk|1
|-enditem|p2a: Chandelure|Eject Pack
|-heal|p1a: Coral|46/100 tox
|
|switch|p2a: Eldegoss|Eldegoss, M|100/100
|
|-damage|p1a: Coral|28/100 tox|[from] psn
|upkeep
|turn|20
|
|move|p2a: Eldegoss|Leech Seed|p1a: Coral
|-start|p1a: Coral|move: Leech Seed
|move|p1a: Coral|Night Shade|p2a: Eldegoss
|-damage|p2a: Eldegoss|70/100
|
|-damage|p1a: Coral|15/100 tox|[from] Leech Seed|[of] p2a: Eldegoss
|-heal|p2a: Eldegoss|82/100|[silent]
|-damage|p1a: Coral|0 fnt|[from] psn
|faint|p1a: Coral
|upkeep
|
|switch|p1a: ._.|Dragapult, M, shiny|100/100
|turn|21
|
|move|p1a: ._.|Phantom Force||[still]
|-prepare|p1a: ._.|Phantom Force|p2a: Eldegoss
|move|p2a: Eldegoss|Light Screen|p2a: Eldegoss
|-sidestart|p2: scf|move: Light Screen
|
|upkeep
|turn|22
|
|move|p1a: ._.|Phantom Force|p2a: Eldegoss|[from]lockedmove
|-damage|p2a: Eldegoss|23/100
|move|p2a: Eldegoss|Leech Seed|p1a: ._.
|-start|p1a: ._.|move: Leech Seed
|
|-damage|p1a: ._.|88/100|[from] Leech Seed|[of] p2a: Eldegoss
|-heal|p2a: Eldegoss|35/100|[silent]
|upkeep
|turn|23
|
|switch|p2a: Skuntank|Skuntank, M|65/100 brn
|move|p1a: ._.|Phantom Force||[still]
|-prepare|p1a: ._.|Phantom Force|p2a: Skuntank
|
|-damage|p1a: ._.|76/100|[from] Leech Seed|[of] p2a: Skuntank
|-heal|p2a: Skuntank|76/100 brn|[silent]
|-damage|p2a: Skuntank|70/100 brn|[from] brn
|upkeep
|turn|24
|
|move|p1a: ._.|Phantom Force|p2a: Skuntank|[from]lockedmove
|-resisted|p2a: Skuntank
|-damage|p2a: Skuntank|28/100 brn
|move|p2a: Skuntank|Throat Chop|p1a: ._.
|-supereffective|p1a: ._.
|-damage|p1a: ._.|22/100
|-start|p1a: ._.|Throat Chop|[silent]
|-damage|p2a: Skuntank|19/100 brn|[from] item: Life Orb
|
|-damage|p1a: ._.|9/100|[from] Leech Seed|[of] p2a: Skuntank
|-heal|p2a: Skuntank|30/100 brn|[silent]
|-damage|p2a: Skuntank|24/100 brn|[from] brn
|upkeep
|turn|25
|c|☆SamDoge24|nice bs team
|-message|SamDoge24 forfeited.
|
|win|scf
|l|☆SamDoge24
|c|☆scf|gg
|raw|SamDoge24's rating: 1222 → 1191(-31 for losing)
|raw|scf's rating: 1131 → 1163(+32 for winning)
