|ScrapeTime|2020-01-01-22:35:17
|j|☆fire manny diaz
|j|☆STAVO COR LIBANESE
|player|p1|fire manny diaz|76|1776
|player|p2|STAVO COR LIBANESE|clerk|1826
|teamsize|p1|6
|teamsize|p2|6
|gametype|singles
|gen|8
|tier|[Gen 8] OU
|rated|
|rule|Sleep Clause Mod: Limit one foe put to sleep
|rule|Species Clause: Limit one of each Pokémon
|rule|OHKO Clause: OHKO moves are banned
|rule|Evasion Moves Clause: Evasion moves are banned
|rule|Endless Battle Clause: Forcing endless battles is banned
|rule|HP Percentage Mod: HP is shown in percentages
|clearpoke
|poke|p1|Dracovish|
|poke|p1|Ferrothorn, F|
|poke|p1|Tyranitar, F|
|poke|p1|Rotom-Heat|
|poke|p1|Clefable, M|
|poke|p1|Corviknight, F|
|poke|p2|Dugtrio, M|
|poke|p2|Rotom-Heat|
|poke|p2|Ferrothorn, M|
|poke|p2|Toxapex, F|
|poke|p2|Corviknight, F|
|poke|p2|Dragapult, F|
|rule|Dynamax Clause: You cannot dynamax
|teampreview
|j| TheLindomar
|j| No kitty!
|inactive|Battle timer is ON: inactive players will automatically lose when time's up. (requested by STAVO COR LIBANESE)
|j|+Averardo
|
|start
|switch|p1a: Clefable|Clefable, M|100/100
|switch|p2a: Toxapex|Toxapex, F|100/100
|turn|1
|
|switch|p2a: Ferrothorn|Ferrothorn, M|100/100
|move|p1a: Clefable|Psychic|p2a: Ferrothorn
|-resisted|p2a: Ferrothorn
|-damage|p2a: Ferrothorn|84/100
|
|-heal|p2a: Ferrothorn|90/100|[from] item: Leftovers
|upkeep
|turn|2
|j| H.M.N.I.P
|
|switch|p2a: Rotom|Rotom-Heat|100/100
|move|p1a: Clefable|Calm Mind|p1a: Clefable
|-boost|p1a: Clefable|spa|1
|-boost|p1a: Clefable|spd|1
|
|upkeep
|turn|3
|
|move|p2a: Rotom|Nasty Plot|p2a: Rotom
|-boost|p2a: Rotom|spa|2
|move|p1a: Clefable|Psychic|p2a: Rotom
|-damage|p2a: Rotom|43/100
|
|-heal|p2a: Rotom|49/100|[from] item: Leftovers
|upkeep
|turn|4
|j| Ledivinchauve
|
|switch|p1a: Rotom|Rotom-Heat|100/100
|move|p2a: Rotom|Overheat|p1a: Rotom
|-resisted|p1a: Rotom
|-crit|p1a: Rotom
|-damage|p1a: Rotom|25/100
|-unboost|p2a: Rotom|spa|2
|
|-heal|p2a: Rotom|55/100|[from] item: Leftovers
|upkeep
|turn|5
|
|move|p2a: Rotom|Protect|p2a: Rotom
|-singleturn|p2a: Rotom|Protect
|move|p1a: Rotom|Volt Switch|p2a: Rotom
|-activate|p2a: Rotom|move: Protect
|
|-heal|p2a: Rotom|61/100|[from] item: Leftovers
|upkeep
|turn|6
|
|move|p2a: Rotom|Discharge|p1a: Rotom
|-resisted|p1a: Rotom
|-damage|p1a: Rotom|10/100
|move|p1a: Rotom|Volt Switch|p2a: Rotom
|-resisted|p2a: Rotom
|-damage|p2a: Rotom|45/100
|
|switch|p1a: Kylo Rend|Dracovish|100/100|[from]move: Volt Switch
|
|-heal|p2a: Rotom|51/100|[from] item: Leftovers
|upkeep
|turn|7
|
|move|p2a: Rotom|Protect|p2a: Rotom
|-singleturn|p2a: Rotom|Protect
|move|p1a: Kylo Rend|Fishious Rend|p2a: Rotom
|-activate|p2a: Rotom|move: Protect
|
|-heal|p2a: Rotom|57/100|[from] item: Leftovers
|upkeep
|turn|8
|
|switch|p1a: Clefable|Clefable, M|100/100
|switch|p2a: Ferrothorn|Ferrothorn, M|90/100
|
|-heal|p2a: Ferrothorn|97/100|[from] item: Leftovers
|upkeep
|turn|9
|
|move|p1a: Clefable|Flamethrower|p2a: Ferrothorn
|-supereffective|p2a: Ferrothorn
|-damage|p2a: Ferrothorn|0 fnt
|faint|p2a: Ferrothorn
|
|upkeep
|j| xmaosxk
|j| white verona
|
|switch|p2a: Rotom|Rotom-Heat|57/100
|turn|10
|
|move|p2a: Rotom|Discharge|p1a: Clefable
|-damage|p1a: Clefable|71/100
|-status|p1a: Clefable|par
|move|p1a: Clefable|Psychic|p2a: Rotom
|-damage|p2a: Rotom|18/100
|
|-heal|p2a: Rotom|24/100|[from] item: Leftovers
|upkeep
|turn|11
|
|move|p2a: Rotom|Protect|p2a: Rotom
|-singleturn|p2a: Rotom|Protect
|move|p1a: Clefable|Psychic|p2a: Rotom
|-activate|p2a: Rotom|move: Protect
|
|-heal|p2a: Rotom|30/100|[from] item: Leftovers
|upkeep
|turn|12
|
|switch|p2a: Corviknight|Corviknight, F|100/100
|-ability|p2a: Corviknight|Pressure
|move|p1a: Clefable|Psychic|p2a: Corviknight
|-resisted|p2a: Corviknight
|-damage|p2a: Corviknight|86/100
|
|-heal|p2a: Corviknight|92/100|[from] item: Leftovers
|upkeep
|turn|13
|
|move|p2a: Corviknight|Brave Bird|p1a: Clefable
|-damage|p1a: Clefable|25/100 par
|-damage|p2a: Corviknight|80/100|[from] Recoil
|cant|p1a: Clefable|par
|
|-heal|p2a: Corviknight|86/100|[from] item: Leftovers
|upkeep
|turn|14
|
|switch|p1a: Ferrothorn|Ferrothorn, F|100/100
|move|p2a: Corviknight|Brave Bird|p1a: Ferrothorn
|-damage|p1a: Ferrothorn|79/100
|-damage|p2a: Corviknight|74/100|[from] ability: Iron Barbs|[of] p1a: Ferrothorn
|-damage|p2a: Corviknight|67/100|[from] Recoil
|
|-heal|p2a: Corviknight|73/100|[from] item: Leftovers
|-heal|p1a: Ferrothorn|85/100|[from] item: Leftovers
|upkeep
|turn|15
|j| Kirsten Dunst h
|
|move|p2a: Corviknight|Roost|p2a: Corviknight
|-heal|p2a: Corviknight|100/100
|-singleturn|p2a: Corviknight|move: Roost
|move|p1a: Ferrothorn|Stealth Rock|p2a: Corviknight
|-sidestart|p2: STAVO COR LIBANESE|move: Stealth Rock
|
|-heal|p1a: Ferrothorn|91/100|[from] item: Leftovers
|upkeep
|turn|16
|
|switch|p1a: Rotom|Rotom-Heat|10/100
|move|p2a: Corviknight|Defog|p1a: Rotom
|-unboost|p1a: Rotom|evasion|1
|-sideend|p2: STAVO COR LIBANESE|Stealth Rock|[from] move: Defog|[of] p2a: Corviknight
|
|upkeep
|turn|17
|
|switch|p2a: Toxapex|Toxapex, F|100/100
|move|p1a: Rotom|Volt Switch|p2a: Toxapex
|-supereffective|p2a: Toxapex
|-damage|p2a: Toxapex|58/100
|
|switch|p1a: Clefable|Clefable, M|25/100 par|[from]move: Volt Switch
|
|-heal|p2a: Toxapex|65/100|[from] item: Black Sludge
|upkeep
|turn|18
|
|switch|p2a: Corviknight|Corviknight, F|100/100
|-ability|p2a: Corviknight|Pressure
|move|p1a: Clefable|Flamethrower|p2a: Corviknight
|-supereffective|p2a: Corviknight
|-damage|p2a: Corviknight|48/100
|-status|p2a: Corviknight|brn
|
|-heal|p2a: Corviknight|54/100 brn|[from] item: Leftovers
|-damage|p2a: Corviknight|48/100 brn|[from] brn
|upkeep
|turn|19
|
|move|p2a: Corviknight|U-turn|p1a: Clefable
|-resisted|p1a: Clefable
|-damage|p1a: Clefable|21/100 par
|
|switch|p2a: Toxapex|Toxapex, F|98/100|[from]move: U-turn
|move|p1a: Clefable|Flamethrower|p2a: Toxapex
|-resisted|p2a: Toxapex
|-damage|p2a: Toxapex|86/100
|
|-heal|p2a: Toxapex|93/100|[from] item: Black Sludge
|upkeep
|turn|20
|
|switch|p2a: Corviknight|Corviknight, F|48/100 brn
|-ability|p2a: Corviknight|Pressure
|move|p1a: Clefable|Psychic|p2a: Corviknight
|-resisted|p2a: Corviknight
|-damage|p2a: Corviknight|34/100 brn
|
|-heal|p2a: Corviknight|40/100 brn|[from] item: Leftovers
|-damage|p2a: Corviknight|34/100 brn|[from] brn
|upkeep
|turn|21
|
|move|p2a: Corviknight|Brave Bird|p1a: Clefable
|-damage|p1a: Clefable|0 fnt
|-damage|p2a: Corviknight|28/100 brn|[from] Recoil
|faint|p1a: Clefable
|
|-heal|p2a: Corviknight|34/100 brn|[from] item: Leftovers
|-damage|p2a: Corviknight|28/100 brn|[from] brn
|upkeep
|
|switch|p1a: Jihad Mode|Corviknight, F|100/100
|-ability|p1a: Jihad Mode|Pressure
|turn|22
|
|move|p1a: Jihad Mode|Taunt|p2a: Corviknight
|-start|p2a: Corviknight|move: Taunt
|move|p2a: Corviknight|U-turn|p1a: Jihad Mode
|-resisted|p1a: Jihad Mode
|-damage|p1a: Jihad Mode|99/100
|l| Ledivinchauve
|
|switch|p2a: Dragapult|Dragapult, F|100/100|[from]move: U-turn
|
|-heal|p1a: Jihad Mode|100/100|[from] item: Leftovers
|upkeep
|turn|23
|
|move|p2a: Dragapult|Will-O-Wisp|p1a: Jihad Mode
|-status|p1a: Jihad Mode|brn
|move|p1a: Jihad Mode|Bulk Up|p1a: Jihad Mode
|-boost|p1a: Jihad Mode|atk|1
|-boost|p1a: Jihad Mode|def|1
|
|-damage|p1a: Jihad Mode|94/100 brn|[from] brn
|upkeep
|turn|24
|
|move|p2a: Dragapult|Hex|p1a: Jihad Mode
|-damage|p1a: Jihad Mode|48/100 brn
|move|p1a: Jihad Mode|Brave Bird|p2a: Dragapult
|-damage|p2a: Dragapult|62/100
|-damage|p1a: Jihad Mode|38/100 brn|[from] Recoil
|
|-heal|p2a: Dragapult|68/100|[from] item: Leftovers
|-heal|p1a: Jihad Mode|44/100 brn|[from] item: Leftovers
|-damage|p1a: Jihad Mode|38/100 brn|[from] brn
|upkeep
|turn|25
|
|move|p2a: Dragapult|Hex|p1a: Jihad Mode
|-damage|p1a: Jihad Mode|0 fnt
|faint|p1a: Jihad Mode
|
|-heal|p2a: Dragapult|74/100|[from] item: Leftovers
|upkeep
|
|switch|p1a: Tyranitar|Tyranitar, F|100/100
|-weather|Sandstorm|[from] ability: Sand Stream|[of] p1a: Tyranitar
|turn|26
|
|move|p2a: Dragapult|U-turn|p1a: Tyranitar
|-supereffective|p1a: Tyranitar
|-damage|p1a: Tyranitar|69/100
|
|switch|p2a: Corviknight|Corviknight, F|28/100 brn|[from]move: U-turn
|-ability|p2a: Corviknight|Pressure
|move|p1a: Tyranitar|Crunch|p2a: Corviknight
|-damage|p2a: Corviknight|0 fnt
|faint|p2a: Corviknight
|
|-weather|Sandstorm|[upkeep]
|upkeep
|
|switch|p2a: Dugtrio|Dugtrio, M|100/100
|turn|27
|
|move|p2a: Dugtrio|Earthquake|p1a: Tyranitar
|-supereffective|p1a: Tyranitar
|-damage|p1a: Tyranitar|0 fnt
|faint|p1a: Tyranitar
|
|-weather|Sandstorm|[upkeep]
|upkeep
|
|switch|p1a: Ferrothorn|Ferrothorn, F|91/100
|turn|28
|
|switch|p2a: Rotom|Rotom-Heat|30/100
|move|p1a: Ferrothorn|Stealth Rock|p2a: Rotom
|-sidestart|p2: STAVO COR LIBANESE|move: Stealth Rock
|
|-weather|Sandstorm|[upkeep]
|-damage|p2a: Rotom|24/100|[from] Sandstorm
|-heal|p2a: Rotom|30/100|[from] item: Leftovers
|-heal|p1a: Ferrothorn|98/100|[from] item: Leftovers
|upkeep
|turn|29
|
|move|p2a: Rotom|Discharge|p1a: Ferrothorn
|-resisted|p1a: Ferrothorn
|-damage|p1a: Ferrothorn|86/100
|move|p1a: Ferrothorn|Leech Seed|p2a: Rotom
|-start|p2a: Rotom|move: Leech Seed
|
|-weather|Sandstorm|[upkeep]
|-damage|p2a: Rotom|24/100|[from] Sandstorm
|-heal|p2a: Rotom|30/100|[from] item: Leftovers
|-heal|p1a: Ferrothorn|92/100|[from] item: Leftovers
|-damage|p2a: Rotom|18/100|[from] Leech Seed|[of] p1a: Ferrothorn
|-heal|p1a: Ferrothorn|100/100|[silent]
|upkeep
|turn|30
|c| H.M.N.I.P|It ain't shocking that my bars are Fire
|c| H.M.N.I.P|Cause I Rotom Heat
|c|☆STAVO COR LIBANESE|orco che meno
|
|switch|p1a: Kylo Rend|Dracovish|100/100
|move|p2a: Rotom|Overheat|p1a: Kylo Rend
|-resisted|p1a: Kylo Rend
|-damage|p1a: Kylo Rend|85/100
|-unboost|p2a: Rotom|spa|2
|
|-weather|none
|-heal|p2a: Rotom|24/100|[from] item: Leftovers
|-damage|p2a: Rotom|12/100|[from] Leech Seed|[of] p1a: Kylo Rend
|-heal|p1a: Kylo Rend|97/100|[silent]
|upkeep
|turn|31
|
|switch|p1a: Rotom|Rotom-Heat|10/100
|move|p2a: Rotom|Discharge|p1a: Rotom
|-resisted|p1a: Rotom
|-damage|p1a: Rotom|2/100
|
|-heal|p2a: Rotom|18/100|[from] item: Leftovers
|-damage|p2a: Rotom|5/100|[from] Leech Seed|[of] p1a: Rotom
|-heal|p1a: Rotom|15/100|[silent]
|upkeep
|turn|32
|j| c&p gang
|c| H.M.N.I.P|Figa raga
|j| SacredCV
|
|move|p2a: Rotom|Overheat|p1a: Rotom
|-resisted|p1a: Rotom
|-damage|p1a: Rotom|3/100
|-unboost|p2a: Rotom|spa|2
|move|p1a: Rotom|Nasty Plot|p1a: Rotom
|-boost|p1a: Rotom|spa|2
|
|-heal|p2a: Rotom|11/100|[from] item: Leftovers
|-damage|p2a: Rotom|0 fnt|[from] Leech Seed|[of] p1a: Rotom
|-heal|p1a: Rotom|14/100|[silent]
|faint|p2a: Rotom
|upkeep
|c|☆STAVO COR LIBANESE|0
|
|switch|p2a: Dragapult|Dragapult, F|74/100
|-damage|p2a: Dragapult|62/100|[from] Stealth Rock
|turn|33
|
|switch|p1a: Ferrothorn|Ferrothorn, F|100/100
|move|p2a: Dragapult|Hex|p1a: Ferrothorn
|-damage|p1a: Ferrothorn|75/100
|
|-heal|p2a: Dragapult|68/100|[from] item: Leftovers
|-heal|p1a: Ferrothorn|81/100|[from] item: Leftovers
|upkeep
|turn|34
|
|move|p2a: Dragapult|Will-O-Wisp|p1a: Ferrothorn
|-status|p1a: Ferrothorn|brn
|move|p1a: Ferrothorn|Leech Seed|p2a: Dragapult
|-start|p2a: Dragapult|move: Leech Seed
|
|-heal|p2a: Dragapult|74/100|[from] item: Leftovers
|-heal|p1a: Ferrothorn|87/100 brn|[from] item: Leftovers
|-damage|p2a: Dragapult|61/100|[from] Leech Seed|[of] p1a: Ferrothorn
|-heal|p1a: Ferrothorn|99/100 brn|[silent]
|-damage|p1a: Ferrothorn|92/100 brn|[from] brn
|upkeep
|turn|35
|
|switch|p2a: Toxapex|Toxapex, F|100/100
|-damage|p2a: Toxapex|88/100|[from] Stealth Rock
|move|p1a: Ferrothorn|Power Whip|p2a: Toxapex
|-damage|p2a: Toxapex|74/100
|
|-heal|p2a: Toxapex|80/100|[from] item: Black Sludge
|-heal|p1a: Ferrothorn|99/100 brn|[from] item: Leftovers
|-damage|p1a: Ferrothorn|92/100 brn|[from] brn
|upkeep
|turn|36
|
|move|p2a: Toxapex|Scald|p1a: Ferrothorn
|-resisted|p1a: Ferrothorn
|-damage|p1a: Ferrothorn|85/100 brn
|move|p1a: Ferrothorn|Leech Seed|p2a: Toxapex
|-start|p2a: Toxapex|move: Leech Seed
|
|-heal|p2a: Toxapex|87/100|[from] item: Black Sludge
|-heal|p1a: Ferrothorn|91/100 brn|[from] item: Leftovers
|-damage|p2a: Toxapex|74/100|[from] Leech Seed|[of] p1a: Ferrothorn
|-heal|p1a: Ferrothorn|100/100 brn|[silent]
|-damage|p1a: Ferrothorn|94/100 brn|[from] brn
|upkeep
|turn|37
|
|move|p1a: Ferrothorn|Protect|p1a: Ferrothorn
|-singleturn|p1a: Ferrothorn|Protect
|move|p2a: Toxapex|Scald|p1a: Ferrothorn
|-activate|p1a: Ferrothorn|move: Protect
|
|-heal|p2a: Toxapex|80/100|[from] item: Black Sludge
|-heal|p1a: Ferrothorn|100/100 brn|[from] item: Leftovers
|-damage|p2a: Toxapex|68/100|[from] Leech Seed|[of] p1a: Ferrothorn
|-damage|p1a: Ferrothorn|94/100 brn|[from] brn
|upkeep
|turn|38
|
|move|p2a: Toxapex|Scald|p1a: Ferrothorn
|-resisted|p1a: Ferrothorn
|-damage|p1a: Ferrothorn|87/100 brn
|move|p1a: Ferrothorn|Power Whip|p2a: Toxapex
|-damage|p2a: Toxapex|53/100
|
|-heal|p2a: Toxapex|59/100|[from] item: Black Sludge
|-heal|p1a: Ferrothorn|93/100 brn|[from] item: Leftovers
|-damage|p2a: Toxapex|47/100|[from] Leech Seed|[of] p1a: Ferrothorn
|-heal|p1a: Ferrothorn|100/100 brn|[silent]
|-damage|p1a: Ferrothorn|94/100 brn|[from] brn
|upkeep
|turn|39
|l| SacredCV
|l| c&p gang
|
|switch|p2a: Dragapult|Dragapult, F|61/100
|-damage|p2a: Dragapult|49/100|[from] Stealth Rock
|switch|p1a: Kylo Rend|Dracovish|97/100
|
|-heal|p2a: Dragapult|55/100|[from] item: Leftovers
|upkeep
|turn|40
|j| Monna Lusa
|
|move|p2a: Dragapult|Will-O-Wisp|p1a: Kylo Rend
|-status|p1a: Kylo Rend|brn
|move|p1a: Kylo Rend|Dragon Rush|p2a: Dragapult
|-supereffective|p2a: Dragapult
|-damage|p2a: Dragapult|2/100
|
|-heal|p2a: Dragapult|8/100|[from] item: Leftovers
|-damage|p1a: Kylo Rend|91/100 brn|[from] brn
|upkeep
|turn|41
|c| Kirsten Dunst h|kylo rend, mi piace questo nick
|j| 4bigcats
|
|move|p2a: Dragapult|Draco Meteor|p1a: Kylo Rend
|-supereffective|p1a: Kylo Rend
|-damage|p1a: Kylo Rend|0 fnt
|-unboost|p2a: Dragapult|spa|2
|faint|p1a: Kylo Rend
|
|-heal|p2a: Dragapult|14/100|[from] item: Leftovers
|upkeep
|j| RomeXIV
|l| 4bigcats
|
|switch|p1a: Ferrothorn|Ferrothorn, F|94/100 brn
|turn|42
|
|move|p2a: Dragapult|Hex|p1a: Ferrothorn
|-damage|p1a: Ferrothorn|70/100 brn
|move|p1a: Ferrothorn|Leech Seed|p2a: Dragapult|[miss]
|-miss|p1a: Ferrothorn|p2a: Dragapult
|
|-heal|p2a: Dragapult|20/100|[from] item: Leftovers
|-heal|p1a: Ferrothorn|76/100 brn|[from] item: Leftovers
|-damage|p1a: Ferrothorn|70/100 brn|[from] brn
|upkeep
|turn|43
|j| GenericAlcremie
|
|switch|p2a: Toxapex|Toxapex, F|80/100
|-damage|p2a: Toxapex|67/100|[from] Stealth Rock
|move|p1a: Ferrothorn|Leech Seed|p2a: Toxapex
|-start|p2a: Toxapex|move: Leech Seed
|
|-heal|p2a: Toxapex|74/100|[from] item: Black Sludge
|-heal|p1a: Ferrothorn|76/100 brn|[from] item: Leftovers
|-damage|p2a: Toxapex|61/100|[from] Leech Seed|[of] p1a: Ferrothorn
|-heal|p1a: Ferrothorn|87/100 brn|[silent]
|-damage|p1a: Ferrothorn|81/100 brn|[from] brn
|upkeep
|turn|44
|c|+Averardo|ma sto set
|c|+Averardo|dal futuro
|c|+Averardo|chi l'ha fatto
|c|+Averardo|riky immagino
|c|☆STAVO COR LIBANESE|no
|
|move|p1a: Ferrothorn|Protect|p1a: Ferrothorn
|-singleturn|p1a: Ferrothorn|Protect
|move|p2a: Toxapex|Recover|p2a: Toxapex
|-heal|p2a: Toxapex|100/100
|
|-heal|p1a: Ferrothorn|87/100 brn|[from] item: Leftovers
|-damage|p2a: Toxapex|88/100|[from] Leech Seed|[of] p1a: Ferrothorn
|-heal|p1a: Ferrothorn|98/100 brn|[silent]
|-damage|p1a: Ferrothorn|92/100 brn|[from] brn
|upkeep
|turn|45
|
|move|p2a: Toxapex|Scald|p1a: Ferrothorn
|-resisted|p1a: Ferrothorn
|-damage|p1a: Ferrothorn|85/100 brn
|move|p1a: Ferrothorn|Power Whip|p2a: Toxapex
|-damage|p2a: Toxapex|75/100
|
|-heal|p2a: Toxapex|81/100|[from] item: Black Sludge
|-heal|p1a: Ferrothorn|91/100 brn|[from] item: Leftovers
|-damage|p2a: Toxapex|68/100|[from] Leech Seed|[of] p1a: Ferrothorn
|-heal|p1a: Ferrothorn|100/100 brn|[silent]
|-damage|p1a: Ferrothorn|94/100 brn|[from] brn
|upkeep
|turn|46
|c|+Averardo|e chi allora.
|j| Hockey1
|j| 4bigcats
|
|move|p2a: Toxapex|Scald|p1a: Ferrothorn
|-resisted|p1a: Ferrothorn
|-damage|p1a: Ferrothorn|88/100 brn
|move|p1a: Ferrothorn|Stealth Rock||[still]
|-fail|p1a: Ferrothorn
|
|-heal|p2a: Toxapex|75/100|[from] item: Black Sludge
|-heal|p1a: Ferrothorn|94/100 brn|[from] item: Leftovers
|-damage|p2a: Toxapex|62/100|[from] Leech Seed|[of] p1a: Ferrothorn
|-heal|p1a: Ferrothorn|100/100 brn|[silent]
|-damage|p1a: Ferrothorn|94/100 brn|[from] brn
|upkeep
|turn|47
|
|move|p2a: Toxapex|Recover|p2a: Toxapex
|-heal|p2a: Toxapex|100/100
|move|p1a: Ferrothorn|Stealth Rock||[still]
|-fail|p1a: Ferrothorn
|
|-heal|p1a: Ferrothorn|100/100 brn|[from] item: Leftovers
|-damage|p2a: Toxapex|88/100|[from] Leech Seed|[of] p1a: Ferrothorn
|-damage|p1a: Ferrothorn|94/100 brn|[from] brn
|upkeep
|turn|48
|c|☆STAVO COR LIBANESE|godiamoci
|c|☆STAVO COR LIBANESE|un po' di ppstall
|
|move|p2a: Toxapex|Scald|p1a: Ferrothorn
|-resisted|p1a: Ferrothorn
|-damage|p1a: Ferrothorn|87/100 brn
|move|p1a: Ferrothorn|Stealth Rock||[still]
|-fail|p1a: Ferrothorn
|
|-heal|p2a: Toxapex|94/100|[from] item: Black Sludge
|-heal|p1a: Ferrothorn|94/100 brn|[from] item: Leftovers
|-damage|p2a: Toxapex|82/100|[from] Leech Seed|[of] p1a: Ferrothorn
|-heal|p1a: Ferrothorn|100/100 brn|[silent]
|-damage|p1a: Ferrothorn|94/100 brn|[from] brn
|upkeep
|turn|49
|
|move|p2a: Toxapex|Scald|p1a: Ferrothorn
|-resisted|p1a: Ferrothorn
|-damage|p1a: Ferrothorn|87/100 brn
|move|p1a: Ferrothorn|Stealth Rock||[still]
|-fail|p1a: Ferrothorn
|
|-heal|p2a: Toxapex|88/100|[from] item: Black Sludge
|-heal|p1a: Ferrothorn|94/100 brn|[from] item: Leftovers
|-damage|p2a: Toxapex|75/100|[from] Leech Seed|[of] p1a: Ferrothorn
|-heal|p1a: Ferrothorn|100/100 brn|[silent]
|-damage|p1a: Ferrothorn|94/100 brn|[from] brn
|upkeep
|turn|50
|
|move|p2a: Toxapex|Baneful Bunker|p2a: Toxapex
|-singleturn|p2a: Toxapex|move: Protect
|move|p1a: Ferrothorn|Stealth Rock||[still]
|-fail|p1a: Ferrothorn
|
|-heal|p2a: Toxapex|82/100|[from] item: Black Sludge
|-heal|p1a: Ferrothorn|100/100 brn|[from] item: Leftovers
|-damage|p2a: Toxapex|69/100|[from] Leech Seed|[of] p1a: Ferrothorn
|-damage|p1a: Ferrothorn|94/100 brn|[from] brn
|upkeep
|turn|51
|
|move|p2a: Toxapex|Scald|p1a: Ferrothorn
|-resisted|p1a: Ferrothorn
|-damage|p1a: Ferrothorn|87/100 brn
|move|p1a: Ferrothorn|Stealth Rock||[still]
|-fail|p1a: Ferrothorn
|
|-heal|p2a: Toxapex|75/100|[from] item: Black Sludge
|-heal|p1a: Ferrothorn|94/100 brn|[from] item: Leftovers
|-damage|p2a: Toxapex|63/100|[from] Leech Seed|[of] p1a: Ferrothorn
|-heal|p1a: Ferrothorn|100/100 brn|[silent]
|-damage|p1a: Ferrothorn|94/100 brn|[from] brn
|upkeep
|turn|52
|
|move|p2a: Toxapex|Toxic||[still]
|-fail|p2a: Toxapex
|move|p1a: Ferrothorn|Stealth Rock||[still]
|-fail|p1a: Ferrothorn
|
|-heal|p2a: Toxapex|69/100|[from] item: Black Sludge
|-heal|p1a: Ferrothorn|100/100 brn|[from] item: Leftovers
|-damage|p2a: Toxapex|57/100|[from] Leech Seed|[of] p1a: Ferrothorn
|-damage|p1a: Ferrothorn|94/100 brn|[from] brn
|upkeep
|turn|53
|
|move|p2a: Toxapex|Scald|p1a: Ferrothorn
|-resisted|p1a: Ferrothorn
|-damage|p1a: Ferrothorn|87/100 brn
|move|p1a: Ferrothorn|Stealth Rock||[still]
|-fail|p1a: Ferrothorn
|
|-heal|p2a: Toxapex|63/100|[from] item: Black Sludge
|-heal|p1a: Ferrothorn|93/100 brn|[from] item: Leftovers
|-damage|p2a: Toxapex|50/100|[from] Leech Seed|[of] p1a: Ferrothorn
|-heal|p1a: Ferrothorn|100/100 brn|[silent]
|-damage|p1a: Ferrothorn|94/100 brn|[from] brn
|upkeep
|turn|54
|l| 4bigcats
|
|move|p2a: Toxapex|Recover|p2a: Toxapex
|-heal|p2a: Toxapex|100/100
|move|p1a: Ferrothorn|Stealth Rock||[still]
|-fail|p1a: Ferrothorn
|
|-heal|p1a: Ferrothorn|100/100 brn|[from] item: Leftovers
|-damage|p2a: Toxapex|88/100|[from] Leech Seed|[of] p1a: Ferrothorn
|-damage|p1a: Ferrothorn|94/100 brn|[from] brn
|upkeep
|turn|55
|c| No kitty!|Ma con dugtrio non hai screech?
|j| quit the cap
|c|☆STAVO COR LIBANESE|no
|c|☆STAVO COR LIBANESE|e non avrei neanche
|c|☆STAVO COR LIBANESE|il tempo di farlo
|
|move|p2a: Toxapex|Baneful Bunker|p2a: Toxapex
|-singleturn|p2a: Toxapex|move: Protect
|move|p1a: Ferrothorn|Stealth Rock||[still]
|-fail|p1a: Ferrothorn
|
|-heal|p2a: Toxapex|94/100|[from] item: Black Sludge
|-heal|p1a: Ferrothorn|100/100 brn|[from] item: Leftovers
|-damage|p2a: Toxapex|82/100|[from] Leech Seed|[of] p1a: Ferrothorn
|-damage|p1a: Ferrothorn|94/100 brn|[from] brn
|upkeep
|turn|56
|
|move|p2a: Toxapex|Scald|p1a: Ferrothorn
|-resisted|p1a: Ferrothorn
|-damage|p1a: Ferrothorn|87/100 brn
|move|p1a: Ferrothorn|Stealth Rock||[still]
|-fail|p1a: Ferrothorn
|
|-heal|p2a: Toxapex|88/100|[from] item: Black Sludge
|-heal|p1a: Ferrothorn|93/100 brn|[from] item: Leftovers
|-damage|p2a: Toxapex|75/100|[from] Leech Seed|[of] p1a: Ferrothorn
|-heal|p1a: Ferrothorn|100/100 brn|[silent]
|-damage|p1a: Ferrothorn|94/100 brn|[from] brn
|upkeep
|turn|57
|
|move|p2a: Toxapex|Scald|p1a: Ferrothorn
|-resisted|p1a: Ferrothorn
|-damage|p1a: Ferrothorn|87/100 brn
|move|p1a: Ferrothorn|Stealth Rock||[still]
|-fail|p1a: Ferrothorn
|
|-heal|p2a: Toxapex|82/100|[from] item: Black Sludge
|-heal|p1a: Ferrothorn|93/100 brn|[from] item: Leftovers
|-damage|p2a: Toxapex|69/100|[from] Leech Seed|[of] p1a: Ferrothorn
|-heal|p1a: Ferrothorn|100/100 brn|[silent]
|-damage|p1a: Ferrothorn|94/100 brn|[from] brn
|upkeep
|turn|58
|
|move|p2a: Toxapex|Baneful Bunker|p2a: Toxapex
|-singleturn|p2a: Toxapex|move: Protect
|move|p1a: Ferrothorn|Stealth Rock||[still]
|-fail|p1a: Ferrothorn
|
|-heal|p2a: Toxapex|75/100|[from] item: Black Sludge
|-heal|p1a: Ferrothorn|100/100 brn|[from] item: Leftovers
|-damage|p2a: Toxapex|63/100|[from] Leech Seed|[of] p1a: Ferrothorn
|-damage|p1a: Ferrothorn|94/100 brn|[from] brn
|upkeep
|turn|59
|j|‽MegaStarUniverse
|
|move|p2a: Toxapex|Recover|p2a: Toxapex
|-heal|p2a: Toxapex|100/100
|move|p1a: Ferrothorn|Stealth Rock||[still]
|-fail|p1a: Ferrothorn
|
|-heal|p1a: Ferrothorn|100/100 brn|[from] item: Leftovers
|-damage|p2a: Toxapex|88/100|[from] Leech Seed|[of] p1a: Ferrothorn
|-damage|p1a: Ferrothorn|94/100 brn|[from] brn
|upkeep
|turn|60
|
|move|p2a: Toxapex|Toxic||[still]
|-fail|p2a: Toxapex
|move|p1a: Ferrothorn|Stealth Rock||[still]
|-fail|p1a: Ferrothorn
|
|-heal|p2a: Toxapex|94/100|[from] item: Black Sludge
|-heal|p1a: Ferrothorn|100/100 brn|[from] item: Leftovers
|-damage|p2a: Toxapex|82/100|[from] Leech Seed|[of] p1a: Ferrothorn
|-damage|p1a: Ferrothorn|94/100 brn|[from] brn
|upkeep
|turn|61
|
|move|p2a: Toxapex|Baneful Bunker|p2a: Toxapex
|-singleturn|p2a: Toxapex|move: Protect
|move|p1a: Ferrothorn|Leech Seed|p2a: Toxapex
|-activate|p2a: Toxapex|move: Protect
|
|-heal|p2a: Toxapex|88/100|[from] item: Black Sludge
|-heal|p1a: Ferrothorn|100/100 brn|[from] item: Leftovers
|-damage|p2a: Toxapex|75/100|[from] Leech Seed|[of] p1a: Ferrothorn
|-damage|p1a: Ferrothorn|94/100 brn|[from] brn
|upkeep
|turn|62
|
|move|p2a: Toxapex|Toxic||[still]
|-fail|p2a: Toxapex
|move|p1a: Ferrothorn|Stealth Rock||[still]
|-fail|p1a: Ferrothorn
|
|-heal|p2a: Toxapex|82/100|[from] item: Black Sludge
|-heal|p1a: Ferrothorn|100/100 brn|[from] item: Leftovers
|-damage|p2a: Toxapex|69/100|[from] Leech Seed|[of] p1a: Ferrothorn
|-damage|p1a: Ferrothorn|94/100 brn|[from] brn
|upkeep
|turn|63
|c| No kitty!|ma burnato dici che killa?
|
|move|p2a: Toxapex|Baneful Bunker|p2a: Toxapex
|-singleturn|p2a: Toxapex|move: Protect
|move|p1a: Ferrothorn|Stealth Rock||[still]
|-fail|p1a: Ferrothorn
|
|-heal|p2a: Toxapex|75/100|[from] item: Black Sludge
|-heal|p1a: Ferrothorn|100/100 brn|[from] item: Leftovers
|-damage|p2a: Toxapex|63/100|[from] Leech Seed|[of] p1a: Ferrothorn
|-damage|p1a: Ferrothorn|94/100 brn|[from] brn
|upkeep
|turn|64
|c|☆STAVO COR LIBANESE|non so
|c|☆STAVO COR LIBANESE|ma non ho screech tanto
|c|☆STAVO COR LIBANESE|quindi niente da fare.
|
|move|p2a: Toxapex|Baneful Bunker||[still]
|-fail|p2a: Toxapex
|move|p1a: Ferrothorn|Stealth Rock||[still]
|-fail|p1a: Ferrothorn
|
|-heal|p2a: Toxapex|69/100|[from] item: Black Sludge
|-heal|p1a: Ferrothorn|100/100 brn|[from] item: Leftovers
|-damage|p2a: Toxapex|57/100|[from] Leech Seed|[of] p1a: Ferrothorn
|-damage|p1a: Ferrothorn|94/100 brn|[from] brn
|upkeep
|turn|65
|
|move|p2a: Toxapex|Scald|p1a: Ferrothorn
|-resisted|p1a: Ferrothorn
|-damage|p1a: Ferrothorn|87/100 brn
|move|p1a: Ferrothorn|Stealth Rock||[still]
|-fail|p1a: Ferrothorn
|
|-heal|p2a: Toxapex|63/100|[from] item: Black Sludge
|-heal|p1a: Ferrothorn|94/100 brn|[from] item: Leftovers
|-damage|p2a: Toxapex|50/100|[from] Leech Seed|[of] p1a: Ferrothorn
|-heal|p1a: Ferrothorn|100/100 brn|[silent]
|-damage|p1a: Ferrothorn|94/100 brn|[from] brn
|upkeep
|turn|66
|
|move|p2a: Toxapex|Scald|p1a: Ferrothorn
|-resisted|p1a: Ferrothorn
|-damage|p1a: Ferrothorn|87/100 brn
|move|p1a: Ferrothorn|Leech Seed||[still]
|-fail|p1a: Ferrothorn
|
|-heal|p2a: Toxapex|57/100|[from] item: Black Sludge
|-heal|p1a: Ferrothorn|93/100 brn|[from] item: Leftovers
|-damage|p2a: Toxapex|44/100|[from] Leech Seed|[of] p1a: Ferrothorn
|-heal|p1a: Ferrothorn|100/100 brn|[silent]
|-damage|p1a: Ferrothorn|94/100 brn|[from] brn
|upkeep
|turn|67
|j| Main_Veigar
|
|move|p2a: Toxapex|Recover|p2a: Toxapex
|-heal|p2a: Toxapex|94/100
|move|p1a: Ferrothorn|Stealth Rock||[still]
|-fail|p1a: Ferrothorn
|
|-heal|p2a: Toxapex|100/100|[from] item: Black Sludge
|-heal|p1a: Ferrothorn|100/100 brn|[from] item: Leftovers
|-damage|p2a: Toxapex|88/100|[from] Leech Seed|[of] p1a: Ferrothorn
|-damage|p1a: Ferrothorn|94/100 brn|[from] brn
|upkeep
|turn|68
|j| hahneeakule
|
|move|p2a: Toxapex|Scald|p1a: Ferrothorn
|-resisted|p1a: Ferrothorn
|-damage|p1a: Ferrothorn|87/100 brn
|move|p1a: Ferrothorn|Stealth Rock||[still]
|-fail|p1a: Ferrothorn
|
|-heal|p2a: Toxapex|94/100|[from] item: Black Sludge
|-heal|p1a: Ferrothorn|93/100 brn|[from] item: Leftovers
|-damage|p2a: Toxapex|82/100|[from] Leech Seed|[of] p1a: Ferrothorn
|-heal|p1a: Ferrothorn|100/100 brn|[silent]
|-damage|p1a: Ferrothorn|94/100 brn|[from] brn
|upkeep
|turn|69
|
|move|p2a: Toxapex|Baneful Bunker|p2a: Toxapex
|-singleturn|p2a: Toxapex|move: Protect
|move|p1a: Ferrothorn|Protect||[still]
|-fail|p1a: Ferrothorn
|
|-heal|p2a: Toxapex|88/100|[from] item: Black Sludge
|-heal|p1a: Ferrothorn|100/100 brn|[from] item: Leftovers
|-damage|p2a: Toxapex|75/100|[from] Leech Seed|[of] p1a: Ferrothorn
|-damage|p1a: Ferrothorn|94/100 brn|[from] brn
|upkeep
|turn|70
|
|move|p1a: Ferrothorn|Protect|p1a: Ferrothorn
|-singleturn|p1a: Ferrothorn|Protect
|move|p2a: Toxapex|Toxic|p1a: Ferrothorn
|-activate|p1a: Ferrothorn|move: Protect
|
|-heal|p2a: Toxapex|82/100|[from] item: Black Sludge
|-heal|p1a: Ferrothorn|100/100 brn|[from] item: Leftovers
|-damage|p2a: Toxapex|69/100|[from] Leech Seed|[of] p1a: Ferrothorn
|-damage|p1a: Ferrothorn|94/100 brn|[from] brn
|upkeep
|turn|71
|
|move|p2a: Toxapex|Baneful Bunker|p2a: Toxapex
|-singleturn|p2a: Toxapex|move: Protect
|move|p1a: Ferrothorn|Stealth Rock||[still]
|-fail|p1a: Ferrothorn
|
|-heal|p2a: Toxapex|75/100|[from] item: Black Sludge
|-heal|p1a: Ferrothorn|100/100 brn|[from] item: Leftovers
|-damage|p2a: Toxapex|63/100|[from] Leech Seed|[of] p1a: Ferrothorn
|-damage|p1a: Ferrothorn|94/100 brn|[from] brn
|upkeep
|turn|72
|c| hahneeakule|aww hell naw lmao
|
|move|p1a: Ferrothorn|Protect|p1a: Ferrothorn
|-singleturn|p1a: Ferrothorn|Protect
|move|p2a: Toxapex|Toxic|p1a: Ferrothorn
|-activate|p1a: Ferrothorn|move: Protect
|
|-heal|p2a: Toxapex|69/100|[from] item: Black Sludge
|-heal|p1a: Ferrothorn|100/100 brn|[from] item: Leftovers
|-damage|p2a: Toxapex|57/100|[from] Leech Seed|[of] p1a: Ferrothorn
|-damage|p1a: Ferrothorn|94/100 brn|[from] brn
|upkeep
|turn|73
|
|move|p2a: Toxapex|Baneful Bunker|p2a: Toxapex
|-singleturn|p2a: Toxapex|move: Protect
|move|p1a: Ferrothorn|Stealth Rock||[still]
|-fail|p1a: Ferrothorn
|
|-heal|p2a: Toxapex|63/100|[from] item: Black Sludge
|-heal|p1a: Ferrothorn|100/100 brn|[from] item: Leftovers
|-damage|p2a: Toxapex|50/100|[from] Leech Seed|[of] p1a: Ferrothorn
|-damage|p1a: Ferrothorn|94/100 brn|[from] brn
|upkeep
|turn|74
|
|move|p1a: Ferrothorn|Protect|p1a: Ferrothorn
|-singleturn|p1a: Ferrothorn|Protect
|move|p2a: Toxapex|Toxic|p1a: Ferrothorn
|-activate|p1a: Ferrothorn|move: Protect
|
|-heal|p2a: Toxapex|57/100|[from] item: Black Sludge
|-heal|p1a: Ferrothorn|100/100 brn|[from] item: Leftovers
|-damage|p2a: Toxapex|44/100|[from] Leech Seed|[of] p1a: Ferrothorn
|-damage|p1a: Ferrothorn|94/100 brn|[from] brn
|upkeep
|turn|75
|c| hahneeakule|yall couldnt play this game on wifi XD
|
|move|p2a: Toxapex|Scald|p1a: Ferrothorn
|-resisted|p1a: Ferrothorn
|-damage|p1a: Ferrothorn|87/100 brn
|move|p1a: Ferrothorn|Stealth Rock||[still]
|-fail|p1a: Ferrothorn
|
|-heal|p2a: Toxapex|50/100|[from] item: Black Sludge
|-heal|p1a: Ferrothorn|93/100 brn|[from] item: Leftovers
|-damage|p2a: Toxapex|38/100|[from] Leech Seed|[of] p1a: Ferrothorn
|-heal|p1a: Ferrothorn|100/100 brn|[silent]
|-damage|p1a: Ferrothorn|94/100 brn|[from] brn
|upkeep
|turn|76
|
|move|p2a: Toxapex|Scald|p1a: Ferrothorn
|-resisted|p1a: Ferrothorn
|-crit|p1a: Ferrothorn
|-damage|p1a: Ferrothorn|83/100 brn
|move|p1a: Ferrothorn|Stealth Rock||[still]
|-fail|p1a: Ferrothorn
|
|-heal|p2a: Toxapex|44/100|[from] item: Black Sludge
|-heal|p1a: Ferrothorn|89/100 brn|[from] item: Leftovers
|-damage|p2a: Toxapex|32/100|[from] Leech Seed|[of] p1a: Ferrothorn
|-heal|p1a: Ferrothorn|99/100 brn|[silent]
|-damage|p1a: Ferrothorn|93/100 brn|[from] brn
|upkeep
|turn|77
|c|☆fire manny diaz|facts lmao
|
|move|p1a: Ferrothorn|Protect|p1a: Ferrothorn
|-singleturn|p1a: Ferrothorn|Protect
|move|p2a: Toxapex|Recover|p2a: Toxapex
|-heal|p2a: Toxapex|82/100
|
|-heal|p2a: Toxapex|88/100|[from] item: Black Sludge
|-heal|p1a: Ferrothorn|99/100 brn|[from] item: Leftovers
|-damage|p2a: Toxapex|75/100|[from] Leech Seed|[of] p1a: Ferrothorn
|-heal|p1a: Ferrothorn|100/100 brn|[silent]
|-damage|p1a: Ferrothorn|94/100 brn|[from] brn
|upkeep
|turn|78
|l| Hockey1
|
|move|p2a: Toxapex|Baneful Bunker|p2a: Toxapex
|-singleturn|p2a: Toxapex|move: Protect
|move|p1a: Ferrothorn|Stealth Rock||[still]
|-fail|p1a: Ferrothorn
|
|-heal|p2a: Toxapex|82/100|[from] item: Black Sludge
|-heal|p1a: Ferrothorn|100/100 brn|[from] item: Leftovers
|-damage|p2a: Toxapex|69/100|[from] Leech Seed|[of] p1a: Ferrothorn
|-damage|p1a: Ferrothorn|94/100 brn|[from] brn
|upkeep
|turn|79
|
|move|p2a: Toxapex|Scald|p1a: Ferrothorn
|-resisted|p1a: Ferrothorn
|-damage|p1a: Ferrothorn|87/100 brn
|move|p1a: Ferrothorn|Stealth Rock||[still]
|-fail|p1a: Ferrothorn
|
|-heal|p2a: Toxapex|75/100|[from] item: Black Sludge
|-heal|p1a: Ferrothorn|94/100 brn|[from] item: Leftovers
|-damage|p2a: Toxapex|63/100|[from] Leech Seed|[of] p1a: Ferrothorn
|-heal|p1a: Ferrothorn|100/100 brn|[silent]
|-damage|p1a: Ferrothorn|94/100 brn|[from] brn
|upkeep
|turn|80
|
|move|p2a: Toxapex|Recover|p2a: Toxapex
|-heal|p2a: Toxapex|100/100
|move|p1a: Ferrothorn|Stealth Rock||[still]
|-fail|p1a: Ferrothorn
|
|-heal|p1a: Ferrothorn|100/100 brn|[from] item: Leftovers
|-damage|p2a: Toxapex|88/100|[from] Leech Seed|[of] p1a: Ferrothorn
|-damage|p1a: Ferrothorn|94/100 brn|[from] brn
|upkeep
|turn|81
|
|move|p2a: Toxapex|Baneful Bunker|p2a: Toxapex
|-singleturn|p2a: Toxapex|move: Protect
|move|p1a: Ferrothorn|Stealth Rock||[still]
|-fail|p1a: Ferrothorn
|
|-heal|p2a: Toxapex|94/100|[from] item: Black Sludge
|-heal|p1a: Ferrothorn|100/100 brn|[from] item: Leftovers
|-damage|p2a: Toxapex|82/100|[from] Leech Seed|[of] p1a: Ferrothorn
|-damage|p1a: Ferrothorn|94/100 brn|[from] brn
|upkeep
|turn|82
|
|move|p2a: Toxapex|Baneful Bunker||[still]
|-fail|p2a: Toxapex
|move|p1a: Ferrothorn|Protect||[still]
|-fail|p1a: Ferrothorn
|
|-heal|p2a: Toxapex|88/100|[from] item: Black Sludge
|-heal|p1a: Ferrothorn|100/100 brn|[from] item: Leftovers
|-damage|p2a: Toxapex|75/100|[from] Leech Seed|[of] p1a: Ferrothorn
|-damage|p1a: Ferrothorn|94/100 brn|[from] brn
|upkeep
|turn|83
|j| GalaxyHeartss
|inactive|fire manny diaz has 120 seconds left.
|l| GalaxyHeartss
|j| Hockey1
|
|switch|p2a: Dugtrio|Dugtrio, M|100/100
|-damage|p2a: Dugtrio|94/100|[from] Stealth Rock
|move|p1a: Ferrothorn|Power Whip|p2a: Dugtrio
|-supereffective|p2a: Dugtrio
|-damage|p2a: Dugtrio|0 fnt
|faint|p2a: Dugtrio
|
|-heal|p1a: Ferrothorn|100/100 brn|[from] item: Leftovers
|-damage|p1a: Ferrothorn|94/100 brn|[from] brn
|upkeep
|c| Main_Veigar|ooooo
|c| Main_Veigar|uullfffff
|
|switch|p2a: Toxapex|Toxapex, F|100/100
|-damage|p2a: Toxapex|88/100|[from] Stealth Rock
|turn|84
|
|move|p2a: Toxapex|Baneful Bunker|p2a: Toxapex
|-singleturn|p2a: Toxapex|move: Protect
|move|p1a: Ferrothorn|Leech Seed|p2a: Toxapex
|-activate|p2a: Toxapex|move: Protect
|
|-heal|p2a: Toxapex|94/100|[from] item: Black Sludge
|-heal|p1a: Ferrothorn|100/100 brn|[from] item: Leftovers
|-damage|p1a: Ferrothorn|94/100 brn|[from] brn
|upkeep
|turn|85
|c| hahneeakule|HE CRACKED
|c| hahneeakule|GG
|
|move|p2a: Toxapex|Scald|p1a: Ferrothorn
|-resisted|p1a: Ferrothorn
|-damage|p1a: Ferrothorn|88/100 brn
|move|p1a: Ferrothorn|Leech Seed|p2a: Toxapex
|-start|p2a: Toxapex|move: Leech Seed
|
|-heal|p2a: Toxapex|100/100|[from] item: Black Sludge
|-heal|p1a: Ferrothorn|94/100 brn|[from] item: Leftovers
|-damage|p2a: Toxapex|88/100|[from] Leech Seed|[of] p1a: Ferrothorn
|-heal|p1a: Ferrothorn|100/100 brn|[silent]
|-damage|p1a: Ferrothorn|94/100 brn|[from] brn
|upkeep
|turn|86
|c| Main_Veigar|gg
|c|☆fire manny diaz|the leech seed miss on draga probs gonna cost me the game
|
|move|p1a: Ferrothorn|Protect|p1a: Ferrothorn
|-singleturn|p1a: Ferrothorn|Protect
|move|p2a: Toxapex|Toxic|p1a: Ferrothorn
|-activate|p1a: Ferrothorn|move: Protect
|
|-heal|p2a: Toxapex|94/100|[from] item: Black Sludge
|-heal|p1a: Ferrothorn|100/100 brn|[from] item: Leftovers
|-damage|p2a: Toxapex|82/100|[from] Leech Seed|[of] p1a: Ferrothorn
|-damage|p1a: Ferrothorn|94/100 brn|[from] brn
|upkeep
|turn|87
|
|move|p2a: Toxapex|Baneful Bunker|p2a: Toxapex
|-singleturn|p2a: Toxapex|move: Protect
|move|p1a: Ferrothorn|Protect||[still]
|-fail|p1a: Ferrothorn
|
|-heal|p2a: Toxapex|88/100|[from] item: Black Sludge
|-heal|p1a: Ferrothorn|100/100 brn|[from] item: Leftovers
|-damage|p2a: Toxapex|75/100|[from] Leech Seed|[of] p1a: Ferrothorn
|-damage|p1a: Ferrothorn|94/100 brn|[from] brn
|upkeep
|turn|88
|
|move|p1a: Ferrothorn|Protect|p1a: Ferrothorn
|-singleturn|p1a: Ferrothorn|Protect
|move|p2a: Toxapex|Toxic|p1a: Ferrothorn
|-activate|p1a: Ferrothorn|move: Protect
|
|-heal|p2a: Toxapex|82/100|[from] item: Black Sludge
|-heal|p1a: Ferrothorn|100/100 brn|[from] item: Leftovers
|-damage|p2a: Toxapex|69/100|[from] Leech Seed|[of] p1a: Ferrothorn
|-damage|p1a: Ferrothorn|94/100 brn|[from] brn
|upkeep
|turn|89
|
|move|p1a: Ferrothorn|Protect||[still]
|-fail|p1a: Ferrothorn
|move|p2a: Toxapex|Scald|p1a: Ferrothorn
|-resisted|p1a: Ferrothorn
|-crit|p1a: Ferrothorn
|-damage|p1a: Ferrothorn|85/100 brn
|
|-heal|p2a: Toxapex|75/100|[from] item: Black Sludge
|-heal|p1a: Ferrothorn|91/100 brn|[from] item: Leftovers
|-damage|p2a: Toxapex|63/100|[from] Leech Seed|[of] p1a: Ferrothorn
|-heal|p1a: Ferrothorn|100/100 brn|[silent]
|-damage|p1a: Ferrothorn|94/100 brn|[from] brn
|upkeep
|turn|90
|
|move|p2a: Toxapex|Baneful Bunker|p2a: Toxapex
|-singleturn|p2a: Toxapex|move: Protect
|move|p1a: Ferrothorn|Power Whip|p2a: Toxapex
|-activate|p2a: Toxapex|move: Protect
|
|-heal|p2a: Toxapex|69/100|[from] item: Black Sludge
|-heal|p1a: Ferrothorn|100/100 brn|[from] item: Leftovers
|-damage|p2a: Toxapex|57/100|[from] Leech Seed|[of] p1a: Ferrothorn
|-damage|p1a: Ferrothorn|94/100 brn|[from] brn
|upkeep
|turn|91
|
|move|p1a: Ferrothorn|Protect|p1a: Ferrothorn
|-singleturn|p1a: Ferrothorn|Protect
|move|p2a: Toxapex|Recover|p2a: Toxapex
|-heal|p2a: Toxapex|100/100
|
|-heal|p1a: Ferrothorn|100/100 brn|[from] item: Leftovers
|-damage|p2a: Toxapex|88/100|[from] Leech Seed|[of] p1a: Ferrothorn
|-damage|p1a: Ferrothorn|94/100 brn|[from] brn
|upkeep
|turn|92
|c| Main_Veigar|ferrotorn more pp of the toxapex
|
|move|p2a: Toxapex|Baneful Bunker|p2a: Toxapex
|-singleturn|p2a: Toxapex|move: Protect
|move|p1a: Ferrothorn|Protect||[still]
|-fail|p1a: Ferrothorn
|
|-heal|p2a: Toxapex|94/100|[from] item: Black Sludge
|-heal|p1a: Ferrothorn|100/100 brn|[from] item: Leftovers
|-damage|p2a: Toxapex|82/100|[from] Leech Seed|[of] p1a: Ferrothorn
|-damage|p1a: Ferrothorn|94/100 brn|[from] brn
|upkeep
|turn|93
|
|move|p2a: Toxapex|Toxic||[still]
|-fail|p2a: Toxapex
|move|p1a: Ferrothorn|Power Whip|p2a: Toxapex
|-damage|p2a: Toxapex|68/100
|
|-heal|p2a: Toxapex|75/100|[from] item: Black Sludge
|-heal|p1a: Ferrothorn|100/100 brn|[from] item: Leftovers
|-damage|p2a: Toxapex|62/100|[from] Leech Seed|[of] p1a: Ferrothorn
|-damage|p1a: Ferrothorn|94/100 brn|[from] brn
|upkeep
|turn|94
|
|move|p1a: Ferrothorn|Protect|p1a: Ferrothorn
|-singleturn|p1a: Ferrothorn|Protect
|move|p2a: Toxapex|Recover|p2a: Toxapex
|-heal|p2a: Toxapex|100/100
|
|-heal|p1a: Ferrothorn|100/100 brn|[from] item: Leftovers
|-damage|p2a: Toxapex|88/100|[from] Leech Seed|[of] p1a: Ferrothorn
|-damage|p1a: Ferrothorn|94/100 brn|[from] brn
|upkeep
|turn|95
|
|move|p2a: Toxapex|Scald|p1a: Ferrothorn
|-resisted|p1a: Ferrothorn
|-damage|p1a: Ferrothorn|87/100 brn
|move|p1a: Ferrothorn|Leech Seed||[still]
|-fail|p1a: Ferrothorn
|
|-heal|p2a: Toxapex|94/100|[from] item: Black Sludge
|-heal|p1a: Ferrothorn|93/100 brn|[from] item: Leftovers
|-damage|p2a: Toxapex|82/100|[from] Leech Seed|[of] p1a: Ferrothorn
|-heal|p1a: Ferrothorn|100/100 brn|[silent]
|-damage|p1a: Ferrothorn|94/100 brn|[from] brn
|upkeep
|turn|96
|j| Tuononda
|l| Hockey1
|
|move|p1a: Ferrothorn|Protect|p1a: Ferrothorn
|-singleturn|p1a: Ferrothorn|Protect
|move|p2a: Toxapex|Toxic|p1a: Ferrothorn
|-activate|p1a: Ferrothorn|move: Protect
|
|-heal|p2a: Toxapex|88/100|[from] item: Black Sludge
|-heal|p1a: Ferrothorn|100/100 brn|[from] item: Leftovers
|-damage|p2a: Toxapex|75/100|[from] Leech Seed|[of] p1a: Ferrothorn
|-damage|p1a: Ferrothorn|94/100 brn|[from] brn
|upkeep
|turn|97
|
|move|p2a: Toxapex|Scald|p1a: Ferrothorn
|-resisted|p1a: Ferrothorn
|-crit|p1a: Ferrothorn
|-damage|p1a: Ferrothorn|83/100 brn
|move|p1a: Ferrothorn|Leech Seed||[still]
|-fail|p1a: Ferrothorn
|
|-heal|p2a: Toxapex|82/100|[from] item: Black Sludge
|-heal|p1a: Ferrothorn|89/100 brn|[from] item: Leftovers
|-damage|p2a: Toxapex|69/100|[from] Leech Seed|[of] p1a: Ferrothorn
|-heal|p1a: Ferrothorn|99/100 brn|[silent]
|-damage|p1a: Ferrothorn|94/100 brn|[from] brn
|upkeep
|turn|98
|
|move|p2a: Toxapex|Recover|p2a: Toxapex
|-heal|p2a: Toxapex|100/100
|move|p1a: Ferrothorn|Power Whip|p2a: Toxapex
|-damage|p2a: Toxapex|86/100
|
|-heal|p2a: Toxapex|92/100|[from] item: Black Sludge
|-heal|p1a: Ferrothorn|99/100 brn|[from] item: Leftovers
|-damage|p2a: Toxapex|79/100|[from] Leech Seed|[of] p1a: Ferrothorn
|-heal|p1a: Ferrothorn|100/100 brn|[silent]
|-damage|p1a: Ferrothorn|94/100 brn|[from] brn
|upkeep
|turn|99
|
|move|p2a: Toxapex|Toxic||[still]
|-fail|p2a: Toxapex
|move|p1a: Ferrothorn|Leech Seed||[still]
|-fail|p1a: Ferrothorn
|
|-heal|p2a: Toxapex|86/100|[from] item: Black Sludge
|-heal|p1a: Ferrothorn|100/100 brn|[from] item: Leftovers
|-damage|p2a: Toxapex|73/100|[from] Leech Seed|[of] p1a: Ferrothorn
|-damage|p1a: Ferrothorn|94/100 brn|[from] brn
|upkeep
|turn|100
|l| Monna Lusa
|c| Main_Veigar|dont cast power whip
|j| Dragonjarl
|
|move|p2a: Toxapex|Recover|p2a: Toxapex
|-heal|p2a: Toxapex|100/100
|move|p1a: Ferrothorn|Power Whip|p2a: Toxapex
|-damage|p2a: Toxapex|86/100
|
|-heal|p2a: Toxapex|92/100|[from] item: Black Sludge
|-heal|p1a: Ferrothorn|100/100 brn|[from] item: Leftovers
|-damage|p2a: Toxapex|79/100|[from] Leech Seed|[of] p1a: Ferrothorn
|-damage|p1a: Ferrothorn|94/100 brn|[from] brn
|upkeep
|turn|101
|j| Phrew
|
|move|p2a: Toxapex|Toxic||[still]
|-fail|p2a: Toxapex
|move|p1a: Ferrothorn|Leech Seed||[still]
|-fail|p1a: Ferrothorn
|
|-heal|p2a: Toxapex|86/100|[from] item: Black Sludge
|-heal|p1a: Ferrothorn|100/100 brn|[from] item: Leftovers
|-damage|p2a: Toxapex|73/100|[from] Leech Seed|[of] p1a: Ferrothorn
|-damage|p1a: Ferrothorn|94/100 brn|[from] brn
|upkeep
|turn|102
|
|move|p2a: Toxapex|Scald|p1a: Ferrothorn
|-resisted|p1a: Ferrothorn
|-damage|p1a: Ferrothorn|87/100 brn
|move|p1a: Ferrothorn|Leech Seed||[still]
|-fail|p1a: Ferrothorn
|
|-heal|p2a: Toxapex|79/100|[from] item: Black Sludge
|-heal|p1a: Ferrothorn|94/100 brn|[from] item: Leftovers
|-damage|p2a: Toxapex|67/100|[from] Leech Seed|[of] p1a: Ferrothorn
|-heal|p1a: Ferrothorn|100/100 brn|[silent]
|-damage|p1a: Ferrothorn|94/100 brn|[from] brn
|upkeep
|turn|103
|
|move|p2a: Toxapex|Recover|p2a: Toxapex
|-heal|p2a: Toxapex|100/100
|move|p1a: Ferrothorn|Leech Seed||[still]
|-fail|p1a: Ferrothorn
|
|-heal|p1a: Ferrothorn|100/100 brn|[from] item: Leftovers
|-damage|p2a: Toxapex|88/100|[from] Leech Seed|[of] p1a: Ferrothorn
|-damage|p1a: Ferrothorn|94/100 brn|[from] brn
|upkeep
|turn|104
|
|move|p2a: Toxapex|Recover|p2a: Toxapex
|-heal|p2a: Toxapex|100/100
|move|p1a: Ferrothorn|Leech Seed||[still]
|-fail|p1a: Ferrothorn
|
|-heal|p1a: Ferrothorn|100/100 brn|[from] item: Leftovers
|-damage|p2a: Toxapex|88/100|[from] Leech Seed|[of] p1a: Ferrothorn
|-damage|p1a: Ferrothorn|94/100 brn|[from] brn
|upkeep
|turn|105
|
|move|p2a: Toxapex|Recover|p2a: Toxapex
|-heal|p2a: Toxapex|100/100
|move|p1a: Ferrothorn|Power Whip|p2a: Toxapex
|-crit|p2a: Toxapex
|-damage|p2a: Toxapex|79/100
|
|-heal|p2a: Toxapex|86/100|[from] item: Black Sludge
|-heal|p1a: Ferrothorn|100/100 brn|[from] item: Leftovers
|-damage|p2a: Toxapex|73/100|[from] Leech Seed|[of] p1a: Ferrothorn
|-damage|p1a: Ferrothorn|94/100 brn|[from] brn
|upkeep
|turn|106
|
|move|p2a: Toxapex|Recover|p2a: Toxapex
|-heal|p2a: Toxapex|100/100
|move|p1a: Ferrothorn|Power Whip|p2a: Toxapex
|-damage|p2a: Toxapex|87/100
|
|-heal|p2a: Toxapex|93/100|[from] item: Black Sludge
|-heal|p1a: Ferrothorn|100/100 brn|[from] item: Leftovers
|-damage|p2a: Toxapex|81/100|[from] Leech Seed|[of] p1a: Ferrothorn
|-damage|p1a: Ferrothorn|94/100 brn|[from] brn
|upkeep
|turn|107
|
|move|p2a: Toxapex|Scald|p1a: Ferrothorn
|-resisted|p1a: Ferrothorn
|-damage|p1a: Ferrothorn|87/100 brn
|move|p1a: Ferrothorn|Power Whip|p2a: Toxapex
|-damage|p2a: Toxapex|66/100
|
|-heal|p2a: Toxapex|72/100|[from] item: Black Sludge
|-heal|p1a: Ferrothorn|93/100 brn|[from] item: Leftovers
|-damage|p2a: Toxapex|60/100|[from] Leech Seed|[of] p1a: Ferrothorn
|-heal|p1a: Ferrothorn|100/100 brn|[silent]
|-damage|p1a: Ferrothorn|94/100 brn|[from] brn
|upkeep
|turn|108
|
|move|p2a: Toxapex|Recover|p2a: Toxapex
|-heal|p2a: Toxapex|100/100
|move|p1a: Ferrothorn|Power Whip|p2a: Toxapex|[miss]
|-miss|p1a: Ferrothorn|p2a: Toxapex
|
|-heal|p1a: Ferrothorn|100/100 brn|[from] item: Leftovers
|-damage|p2a: Toxapex|88/100|[from] Leech Seed|[of] p1a: Ferrothorn
|-damage|p1a: Ferrothorn|94/100 brn|[from] brn
|upkeep
|turn|109
|j| sceptuan
|
|move|p2a: Toxapex|Toxic||[still]
|-fail|p2a: Toxapex
|move|p1a: Ferrothorn|Power Whip|p2a: Toxapex
|-damage|p2a: Toxapex|74/100
|
|-heal|p2a: Toxapex|80/100|[from] item: Black Sludge
|-heal|p1a: Ferrothorn|100/100 brn|[from] item: Leftovers
|-damage|p2a: Toxapex|68/100|[from] Leech Seed|[of] p1a: Ferrothorn
|-damage|p1a: Ferrothorn|94/100 brn|[from] brn
|upkeep
|turn|110
|l| Kirsten Dunst h
|
|switch|p1a: Rotom|Rotom-Heat|14/100
|move|p2a: Toxapex|Toxic|p1a: Rotom
|-status|p1a: Rotom|tox
|
|-heal|p2a: Toxapex|74/100|[from] item: Black Sludge
|-damage|p2a: Toxapex|61/100|[from] Leech Seed|[of] p1a: Rotom
|-heal|p1a: Rotom|27/100 tox|[silent]
|-damage|p1a: Rotom|21/100 tox|[from] psn
|upkeep
|turn|111
|
|move|p1a: Rotom|Thunderbolt|p2a: Toxapex
|-supereffective|p2a: Toxapex
|-damage|p2a: Toxapex|12/100
|move|p2a: Toxapex|Scald|p1a: Rotom
|-supereffective|p1a: Rotom
|-damage|p1a: Rotom|0 fnt
|faint|p1a: Rotom
|
|-heal|p2a: Toxapex|18/100|[from] item: Black Sludge
|upkeep
|
|switch|p1a: Ferrothorn|Ferrothorn, F|94/100 brn
|turn|112
|
|move|p2a: Toxapex|Toxic||[still]
|-fail|p2a: Toxapex
|move|p1a: Ferrothorn|Power Whip|p2a: Toxapex
|-damage|p2a: Toxapex|3/100
|
|-heal|p2a: Toxapex|10/100|[from] item: Black Sludge
|-heal|p1a: Ferrothorn|100/100 brn|[from] item: Leftovers
|-damage|p2a: Toxapex|0 fnt|[from] Leech Seed|[of] p1a: Ferrothorn
|faint|p2a: Toxapex
|-damage|p1a: Ferrothorn|94/100 brn|[from] brn
|upkeep
|
|switch|p2a: Dragapult|Dragapult, F|20/100
|-damage|p2a: Dragapult|7/100|[from] Stealth Rock
|turn|113
|c|☆STAVO COR LIBANESE|gg
|
|move|p2a: Dragapult|Hex|p1a: Ferrothorn
|-damage|p1a: Ferrothorn|45/100 brn
|move|p1a: Ferrothorn|Power Whip|p2a: Dragapult
|-resisted|p2a: Dragapult
|-damage|p2a: Dragapult|0 fnt
|faint|p2a: Dragapult
|
|win|fire manny diaz
|c|☆fire manny diaz|gg
|l|‽MegaStarUniverse
|l|+Averardo
|c| Main_Veigar|gg
|raw|fire manny diaz's rating: 1776 → 1800(+24 for winning)
|raw|STAVO COR LIBANESE's rating: 1855 → 1831(-24 for losing)
