|ScrapeTime|2020-01-02-07:04:50
|j|☆jlopez389
|j|☆snooPINGASusalisee
|player|p1|jlopez389|volkner|1089
|player|p2|snooPINGASusalisee|lance-gen1rb|1047
|teamsize|p1|6
|teamsize|p2|6
|gametype|singles
|gen|8
|tier|[Gen 8] OU
|rated|
|rule|Sleep Clause Mod: Limit one foe put to sleep
|rule|Species Clause: Limit one of each Pokémon
|rule|OHKO Clause: OHKO moves are banned
|rule|Evasion Moves Clause: Evasion moves are banned
|rule|Endless Battle Clause: Forcing endless battles is banned
|rule|HP Percentage Mod: HP is shown in percentages
|clearpoke
|poke|p1|Ferrothorn, F|
|poke|p1|Cinderace, M|
|poke|p1|Dragapult, F|
|poke|p1|Dubwool, M|
|poke|p1|Bisharp, F|
|poke|p1|Dugtrio, F|
|poke|p2|Gothitelle, M|
|poke|p2|Conkeldurr, F|
|poke|p2|Durant, F|
|poke|p2|Mandibuzz, F|
|poke|p2|Garbodor, F|
|poke|p2|Sigilyph, M|
|rule|Dynamax Clause: You cannot dynamax
|teampreview
|
|start
|switch|p1a: Dugtrio|Dugtrio, F|100/100
|switch|p2a: E|Sigilyph, M|100/100
|turn|1
|
|switch|p2a: Mlg|Durant, F|100/100
|move|p1a: Dugtrio|Stone Edge|p2a: Mlg|[miss]
|-miss|p1a: Dugtrio|p2a: Mlg
|
|upkeep
|turn|2
|
|move|p2a: Mlg|Iron Head|p1a: Dugtrio
|-damage|p1a: Dugtrio|0 fnt
|faint|p1a: Dugtrio
|
|upkeep
|
|switch|p1a: Cinderace|Cinderace, M|100/100
|turn|3
|
|switch|p2a: Mandibuzz|Mandibuzz, F|100/100
|move|p1a: Cinderace|Pyro Ball|p2a: Mandibuzz
|-damage|p2a: Mandibuzz|53/100
|-ability|p2a: Mandibuzz|Weak Armor|boost
|-unboost|p2a: Mandibuzz|def|1
|-boost|p2a: Mandibuzz|spe|2
|
|-heal|p2a: Mandibuzz|59/100|[from] item: Leftovers
|upkeep
|turn|4
|
|move|p2a: Mandibuzz|Bone Rush|p1a: Cinderace
|-supereffective|p1a: Cinderace
|-damage|p1a: Cinderace|87/100
|-supereffective|p1a: Cinderace
|-damage|p1a: Cinderace|73/100
|-supereffective|p1a: Cinderace
|-damage|p1a: Cinderace|59/100
|-supereffective|p1a: Cinderace
|-damage|p1a: Cinderace|45/100
|-supereffective|p1a: Cinderace
|-damage|p1a: Cinderace|32/100
|-hitcount|p1a: Cinderace|5
|move|p1a: Cinderace|Pyro Ball|p2a: Mandibuzz
|-damage|p2a: Mandibuzz|0 fnt
|faint|p2a: Mandibuzz
|
|upkeep
|
|switch|p2a: Mlg|Durant, F|100/100
|turn|5
|
|move|p2a: Mlg|Stone Edge|p1a: Cinderace|[miss]
|-miss|p2a: Mlg|p1a: Cinderace
|move|p1a: Cinderace|Pyro Ball|p2a: Mlg
|-supereffective|p2a: Mlg
|-damage|p2a: Mlg|0 fnt
|faint|p2a: Mlg
|
|upkeep
|
|switch|p2a: Fortnite|Conkeldurr, F|100/100
|turn|6
|
|move|p1a: Cinderace|Pyro Ball|p2a: Fortnite
|-damage|p2a: Fortnite|22/100
|move|p2a: Fortnite|Drain Punch|p1a: Cinderace
|-damage|p1a: Cinderace|0 fnt
|-heal|p2a: Fortnite|33/100|[from] drain|[of] p1a: Cinderace
|faint|p1a: Cinderace
|
|-heal|p2a: Fortnite|39/100|[from] item: Leftovers
|upkeep
|
|switch|p1a: Dragapult|Dragapult, F|100/100
|turn|7
|
|move|p1a: Dragapult|Psychic Fangs|p2a: Fortnite
|-supereffective|p2a: Fortnite
|-damage|p2a: Fortnite|0 fnt
|faint|p2a: Fortnite
|
|upkeep
|
|switch|p2a: Ok|Gothitelle, M|100/100
|turn|8
|
|move|p1a: Dragapult|Will-O-Wisp|p2a: Ok
|-status|p2a: Ok|brn
|move|p2a: Ok|Nasty Plot|p2a: Ok
|-boost|p2a: Ok|spa|2
|
|-damage|p2a: Ok|94/100 brn|[from] brn
|upkeep
|turn|9
|
|move|p1a: Dragapult|Dragon Darts|p2a: Ok
|-crit|p2a: Ok
|-damage|p2a: Ok|52/100 brn
|-damage|p2a: Ok|25/100 brn
|-hitcount|p2a: Ok|2
|move|p2a: Ok|Dark Pulse|p1a: Dragapult
|-supereffective|p1a: Dragapult
|-damage|p1a: Dragapult|0 fnt
|-damage|p2a: Ok|15/100 brn|[from] item: Life Orb
|faint|p1a: Dragapult
|
|-damage|p2a: Ok|9/100 brn|[from] brn
|upkeep
|
|switch|p1a: Bisharp|Bisharp, F|100/100
|turn|10
|
|move|p1a: Bisharp|X-Scissor|p2a: Ok
|-supereffective|p2a: Ok
|-damage|p2a: Ok|0 fnt
|faint|p2a: Ok
|
|upkeep
|
|switch|p2a: Irish Guacamole|Garbodor, F|100/100
|turn|11
|
|move|p2a: Irish Guacamole|Substitute|p2a: Irish Guacamole
|-start|p2a: Irish Guacamole|Substitute
|-damage|p2a: Irish Guacamole|76/100
|move|p1a: Bisharp|Psycho Cut|p2a: Irish Guacamole
|-supereffective|p2a: Irish Guacamole
|-end|p2a: Irish Guacamole|Substitute
|
|-heal|p2a: Irish Guacamole|82/100|[from] item: Black Sludge
|upkeep
|turn|12
|
|move|p2a: Irish Guacamole|Drain Punch|p1a: Bisharp
|-supereffective|p1a: Bisharp
|-damage|p1a: Bisharp|5/100
|-heal|p2a: Irish Guacamole|100/100|[from] drain|[of] p1a: Bisharp
|move|p1a: Bisharp|Psycho Cut|p2a: Irish Guacamole
|-supereffective|p2a: Irish Guacamole
|-damage|p2a: Irish Guacamole|53/100
|
|-heal|p2a: Irish Guacamole|59/100|[from] item: Black Sludge
|-heal|p1a: Bisharp|10/100|[from] item: Leftovers
|upkeep
|turn|13
|
|move|p2a: Irish Guacamole|Substitute|p2a: Irish Guacamole
|-start|p2a: Irish Guacamole|Substitute
|-damage|p2a: Irish Guacamole|34/100
|move|p1a: Bisharp|Psycho Cut|p2a: Irish Guacamole
|-supereffective|p2a: Irish Guacamole
|-end|p2a: Irish Guacamole|Substitute
|
|-heal|p2a: Irish Guacamole|40/100|[from] item: Black Sludge
|-heal|p1a: Bisharp|16/100|[from] item: Leftovers
|upkeep
|turn|14
|
|move|p2a: Irish Guacamole|Drain Punch|p1a: Bisharp
|-supereffective|p1a: Bisharp
|-damage|p1a: Bisharp|0 fnt
|-heal|p2a: Irish Guacamole|46/100|[from] drain|[of] p1a: Bisharp
|faint|p1a: Bisharp
|
|-heal|p2a: Irish Guacamole|53/100|[from] item: Black Sludge
|upkeep
|
|switch|p1a: Dubwool|Dubwool, M|100/100
|turn|15
|
|move|p1a: Dubwool|Cotton Guard|p1a: Dubwool
|-boost|p1a: Dubwool|def|3
|move|p2a: Irish Guacamole|Substitute|p2a: Irish Guacamole
|-start|p2a: Irish Guacamole|Substitute
|-damage|p2a: Irish Guacamole|28/100
|
|-heal|p2a: Irish Guacamole|34/100|[from] item: Black Sludge
|upkeep
|turn|16
|
|move|p1a: Dubwool|Cotton Guard|p1a: Dubwool
|-boost|p1a: Dubwool|def|3
|move|p2a: Irish Guacamole|Drain Punch|p1a: Dubwool
|-supereffective|p1a: Dubwool
|-damage|p1a: Dubwool|96/100
|-heal|p2a: Irish Guacamole|36/100|[from] drain|[of] p1a: Dubwool
|
|-heal|p1a: Dubwool|100/100|[from] item: Leftovers
|-heal|p2a: Irish Guacamole|42/100|[from] item: Black Sludge
|upkeep
|turn|17
|
|move|p1a: Dubwool|Body Press|p2a: Irish Guacamole
|-resisted|p2a: Irish Guacamole
|-end|p2a: Irish Guacamole|Substitute
|move|p2a: Irish Guacamole|Gunk Shot|p1a: Dubwool
|-damage|p1a: Dubwool|90/100
|
|-heal|p1a: Dubwool|96/100|[from] item: Leftovers
|-heal|p2a: Irish Guacamole|48/100|[from] item: Black Sludge
|upkeep
|turn|18
|
|move|p1a: Dubwool|Body Press|p2a: Irish Guacamole
|-resisted|p2a: Irish Guacamole
|-damage|p2a: Irish Guacamole|0 fnt
|faint|p2a: Irish Guacamole
|
|-heal|p1a: Dubwool|100/100|[from] item: Leftovers
|upkeep
|
|switch|p2a: E|Sigilyph, M|100/100
|turn|19
|
|move|p2a: E|Cosmic Power|p2a: E
|-boost|p2a: E|def|1
|-boost|p2a: E|spd|1
|move|p1a: Dubwool|Body Press|p2a: E
|-resisted|p2a: E
|-damage|p2a: E|82/100
|
|-heal|p2a: E|88/100|[from] item: Leftovers
|upkeep
|turn|20
|
|move|p2a: E|Cosmic Power|p2a: E
|-boost|p2a: E|def|1
|-boost|p2a: E|spd|1
|move|p1a: Dubwool|Body Press|p2a: E
|-resisted|p2a: E
|-damage|p2a: E|74/100
|
|-heal|p2a: E|80/100|[from] item: Leftovers
|upkeep
|turn|21
|
|move|p2a: E|Cosmic Power|p2a: E
|-boost|p2a: E|def|1
|-boost|p2a: E|spd|1
|move|p1a: Dubwool|Body Press|p2a: E
|-resisted|p2a: E
|-damage|p2a: E|67/100
|
|-heal|p2a: E|73/100|[from] item: Leftovers
|upkeep
|turn|22
|
|move|p2a: E|Stored Power|p1a: Dubwool
|-damage|p1a: Dubwool|53/100
|move|p1a: Dubwool|Body Press|p2a: E
|-resisted|p2a: E
|-damage|p2a: E|61/100
|
|-heal|p2a: E|67/100|[from] item: Leftovers
|-heal|p1a: Dubwool|59/100|[from] item: Leftovers
|upkeep
|turn|23
|
|move|p2a: E|Cosmic Power|p2a: E
|-boost|p2a: E|def|1
|-boost|p2a: E|spd|1
|move|p1a: Dubwool|Body Press|p2a: E
|-resisted|p2a: E
|-damage|p2a: E|57/100
|
|-heal|p2a: E|63/100|[from] item: Leftovers
|-heal|p1a: Dubwool|65/100|[from] item: Leftovers
|upkeep
|turn|24
|
|switch|p1a: Ferrothorn|Ferrothorn, F|100/100
|move|p2a: E|Roost|p2a: E
|-heal|p2a: E|100/100
|-singleturn|p2a: E|move: Roost
|
|upkeep
|turn|25
|
|move|p2a: E|Stored Power|p1a: Ferrothorn
|-resisted|p1a: Ferrothorn
|-damage|p1a: Ferrothorn|82/100
|move|p1a: Ferrothorn|Toxic|p2a: E
|-status|p2a: E|tox
|
|-heal|p1a: Ferrothorn|88/100|[from] item: Leftovers
|upkeep
|turn|26
|
|move|p2a: E|Stored Power|p1a: Ferrothorn
|-resisted|p1a: Ferrothorn
|-damage|p1a: Ferrothorn|68/100
|move|p1a: Ferrothorn|Leech Seed|p2a: E
|-start|p2a: E|move: Leech Seed
|
|-heal|p1a: Ferrothorn|74/100|[from] item: Leftovers
|upkeep
|turn|27
|
|move|p2a: E|Stored Power|p1a: Ferrothorn
|-resisted|p1a: Ferrothorn
|-damage|p1a: Ferrothorn|53/100
|move|p1a: Ferrothorn|Gyro Ball|p2a: E
|-damage|p2a: E|82/100 tox
|
|-heal|p2a: E|88/100 tox|[from] item: Leftovers
|-heal|p1a: Ferrothorn|59/100|[from] item: Leftovers
|upkeep
|turn|28
|
|move|p1a: Ferrothorn|Protect|p1a: Ferrothorn
|-singleturn|p1a: Ferrothorn|Protect
|move|p2a: E|Cosmic Power|p2a: E
|-boost|p2a: E|def|1
|-boost|p2a: E|spd|1
|
|-heal|p2a: E|94/100 tox|[from] item: Leftovers
|-heal|p1a: Ferrothorn|65/100|[from] item: Leftovers
|upkeep
|turn|29
|
|move|p2a: E|Cosmic Power|p2a: E
|-boost|p2a: E|def|1
|-boost|p2a: E|spd|1
|move|p1a: Ferrothorn|Leech Seed||[still]
|-fail|p1a: Ferrothorn
|
|-heal|p2a: E|99/100 tox|[from] item: Leftovers
|-heal|p1a: Ferrothorn|71/100|[from] item: Leftovers
|upkeep
|turn|30
|
|switch|p1a: Dubwool|Dubwool, M|65/100
|move|p2a: E|Stored Power|p1a: Dubwool
|-damage|p1a: Dubwool|0 fnt
|faint|p1a: Dubwool
|
|-heal|p2a: E|100/100 tox|[from] item: Leftovers
|upkeep
|-message|jlopez389 forfeited.
|
|win|snooPINGASusalisee
|l|☆jlopez389
|raw|jlopez389's rating: 1089 → 1062(-27 for losing)
|raw|snooPINGASusalisee's rating: 1047 → 1084(+37 for winning)
