|ScrapeTime|2020-01-02-00:46:24
|j|☆Sudzer
|j|☆Barbar3d
|player|p1|Sudzer|266|1063
|player|p2|Barbar3d|pokefanf-gen4|1072
|teamsize|p1|6
|teamsize|p2|6
|gametype|singles
|gen|8
|tier|[Gen 8] OU
|rated|
|rule|Sleep Clause Mod: Limit one foe put to sleep
|rule|Species Clause: Limit one of each Pokémon
|rule|OHKO Clause: OHKO moves are banned
|rule|Evasion Moves Clause: Evasion moves are banned
|rule|Endless Battle Clause: Forcing endless battles is banned
|rule|HP Percentage Mod: HP is shown in percentages
|clearpoke
|poke|p1|Copperajah, M|
|poke|p1|Frosmoth, F|
|poke|p1|Coalossal, M|
|poke|p1|Bisharp, M|
|poke|p1|Centiskorch, F|
|poke|p1|Appletun, M|
|poke|p2|Grimmsnarl, M|
|poke|p2|Indeedee, M|
|poke|p2|Obstagoon, F|
|poke|p2|Hawlucha, M|
|poke|p2|Corsola-Galar, F|
|poke|p2|Seismitoad, F|
|rule|Dynamax Clause: You cannot dynamax
|teampreview
|inactive|Battle timer is ON: inactive players will automatically lose when time's up. (requested by Sudzer)
|
|start
|switch|p1a: Copperajah|Copperajah, M|100/100
|switch|p2a: Grimmsnarl|Grimmsnarl, M|100/100
|-item|p1a: Copperajah|Air Balloon
|turn|1
|
|switch|p2a: Indeedee|Indeedee, M|100/100
|-fieldstart|move: Psychic Terrain|[from] ability: Psychic Surge|[of] p2a: Indeedee
|move|p1a: Copperajah|Stealth Rock|p2a: Indeedee
|-sidestart|p2: Barbar3d|move: Stealth Rock
|
|upkeep
|turn|2
|
|move|p2a: Indeedee|Mystical Fire|p1a: Copperajah
|-supereffective|p1a: Copperajah
|-damage|p1a: Copperajah|53/100
|-enditem|p1a: Copperajah|Air Balloon
|-unboost|p1a: Copperajah|spa|1
|move|p1a: Copperajah|Heavy Slam|p2a: Indeedee
|-damage|p2a: Indeedee|0 fnt
|faint|p2a: Indeedee
|
|upkeep
|
|switch|p2a: Obstagoon|Obstagoon, F|100/100
|-damage|p2a: Obstagoon|88/100|[from] Stealth Rock
|turn|3
|
|move|p2a: Obstagoon|Knock Off|p1a: Copperajah
|-damage|p1a: Copperajah|25/100
|move|p1a: Copperajah|Heat Crash|p2a: Obstagoon
|-damage|p2a: Obstagoon|39/100
|
|-status|p2a: Obstagoon|brn|[from] item: Flame Orb
|upkeep
|turn|4
|
|move|p2a: Obstagoon|Close Combat|p1a: Copperajah
|-supereffective|p1a: Copperajah
|-damage|p1a: Copperajah|0 fnt
|-unboost|p2a: Obstagoon|def|1
|-unboost|p2a: Obstagoon|spd|1
|faint|p1a: Copperajah
|
|-damage|p2a: Obstagoon|33/100 brn|[from] brn
|upkeep
|
|switch|p1a: Frosmoth|Frosmoth, F|100/100
|turn|5
|
|move|p2a: Obstagoon|Close Combat|p1a: Frosmoth
|-crit|p1a: Frosmoth
|-damage|p1a: Frosmoth|0 fnt
|-unboost|p2a: Obstagoon|def|1
|-unboost|p2a: Obstagoon|spd|1
|faint|p1a: Frosmoth
|
|-damage|p2a: Obstagoon|27/100 brn|[from] brn
|-fieldend|move: Psychic Terrain
|upkeep
|
|switch|p1a: Bisharp|Bisharp, M|100/100
|turn|6
|
|move|p1a: Bisharp|Sucker Punch|p2a: Obstagoon
|-resisted|p2a: Obstagoon
|-damage|p2a: Obstagoon|0 fnt
|faint|p2a: Obstagoon
|
|upkeep
|
|switch|p2a: Hawlucha|Hawlucha, M|100/100
|-damage|p2a: Hawlucha|88/100|[from] Stealth Rock
|turn|7
|
|move|p2a: Hawlucha|Swords Dance|p2a: Hawlucha
|-boost|p2a: Hawlucha|atk|2
|move|p1a: Bisharp|Poison Jab|p2a: Hawlucha
|-damage|p2a: Hawlucha|48/100
|
|upkeep
|turn|8
|
|switch|p1a: Appletun|Appletun, M|100/100
|move|p2a: Hawlucha|Close Combat|p1a: Appletun
|-damage|p1a: Appletun|0 fnt
|-unboost|p2a: Hawlucha|def|1
|-unboost|p2a: Hawlucha|spd|1
|faint|p1a: Appletun
|
|upkeep
|
|switch|p1a: Coalossal|Coalossal, M|100/100
|turn|9
|
|move|p2a: Hawlucha|Close Combat|p1a: Coalossal
|-supereffective|p1a: Coalossal
|-damage|p1a: Coalossal|0 fnt
|-unboost|p2a: Hawlucha|def|1
|-unboost|p2a: Hawlucha|spd|1
|faint|p1a: Coalossal
|
|upkeep
|
|switch|p1a: Bisharp|Bisharp, M|100/100
|turn|10
|
|switch|p2a: Corsola|Corsola-Galar, F|100/100
|-damage|p2a: Corsola|88/100|[from] Stealth Rock
|move|p1a: Bisharp|Sucker Punch||[still]
|-fail|p1a: Bisharp
|
|upkeep
|turn|11
|
|move|p1a: Bisharp|Swords Dance|p1a: Bisharp
|-boost|p1a: Bisharp|atk|2
|move|p2a: Corsola|Will-O-Wisp|p1a: Bisharp
|-status|p1a: Bisharp|brn
|
|-damage|p1a: Bisharp|95/100 brn|[from] brn
|upkeep
|turn|12
|
|move|p1a: Bisharp|Swords Dance|p1a: Bisharp
|-boost|p1a: Bisharp|atk|2
|move|p2a: Corsola|Strength Sap|p1a: Bisharp
|-unboost|p1a: Bisharp|atk|1
|-ability|p1a: Bisharp|Defiant
|-boost|p1a: Bisharp|atk|2
|-heal|p2a: Corsola|100/100
|
|-damage|p1a: Bisharp|89/100 brn|[from] brn
|upkeep
|turn|13
|
|move|p1a: Bisharp|Night Slash|p2a: Corsola
|-supereffective|p2a: Corsola
|-damage|p2a: Corsola|35/100
|-start|p1a: Bisharp|Disable|Night Slash|[from] ability: Cursed Body|[of] p2a: Corsola
|move|p2a: Corsola|Stealth Rock|p1a: Bisharp
|-sidestart|p1: Sudzer|move: Stealth Rock
|
|-damage|p1a: Bisharp|83/100 brn|[from] brn
|upkeep
|turn|14
|
|move|p1a: Bisharp|Poison Jab|p2a: Corsola
|-resisted|p2a: Corsola
|-damage|p2a: Corsola|21/100
|move|p2a: Corsola|Strength Sap|p1a: Bisharp
|-unboost|p1a: Bisharp|atk|1
|-ability|p1a: Bisharp|Defiant
|-boost|p1a: Bisharp|atk|2
|-heal|p2a: Corsola|100/100
|
|-damage|p1a: Bisharp|77/100 brn|[from] brn
|upkeep
|turn|15
|
|move|p1a: Bisharp|Poison Jab|p2a: Corsola
|-resisted|p2a: Corsola
|-damage|p2a: Corsola|85/100
|move|p2a: Corsola|Night Shade|p1a: Bisharp
|-damage|p1a: Bisharp|47/100 brn
|-enditem|p1a: Bisharp|Red Card|[of] p2a: Corsola
|drag|p2a: Grimmsnarl|Grimmsnarl, M|100/100
|-damage|p2a: Grimmsnarl|88/100|[from] Stealth Rock
|
|-damage|p1a: Bisharp|41/100 brn|[from] brn
|upkeep
|turn|16
|
|move|p1a: Bisharp|Poison Jab|p2a: Grimmsnarl
|-supereffective|p2a: Grimmsnarl
|-damage|p2a: Grimmsnarl|0 fnt
|faint|p2a: Grimmsnarl
|
|-damage|p1a: Bisharp|35/100 brn|[from] brn
|-end|p1a: Bisharp|Disable
|upkeep
|
|switch|p2a: Corsola|Corsola-Galar, F|85/100
|-damage|p2a: Corsola|73/100|[from] Stealth Rock
|turn|17
|
|move|p1a: Bisharp|Night Slash|p2a: Corsola
|-supereffective|p2a: Corsola
|-damage|p2a: Corsola|0 fnt
|faint|p2a: Corsola
|
|-damage|p1a: Bisharp|29/100 brn|[from] brn
|upkeep
|
|switch|p2a: Seismitoad|Seismitoad, F|100/100
|-damage|p2a: Seismitoad|94/100|[from] Stealth Rock
|turn|18
|
|move|p1a: Bisharp|Night Slash|p2a: Seismitoad
|-damage|p2a: Seismitoad|35/100
|move|p2a: Seismitoad|Earthquake|p1a: Bisharp
|-supereffective|p1a: Bisharp
|-damage|p1a: Bisharp|0 fnt
|faint|p1a: Bisharp
|
|-heal|p2a: Seismitoad|41/100|[from] item: Leftovers
|upkeep
|
|switch|p1a: Centiskorch|Centiskorch, F|100/100
|-damage|p1a: Centiskorch|51/100|[from] Stealth Rock
|turn|19
|
|move|p1a: Centiskorch|Power Whip|p2a: Seismitoad
|-supereffective|p2a: Seismitoad
|-damage|p2a: Seismitoad|0 fnt
|faint|p2a: Seismitoad
|
|upkeep
|
|switch|p2a: Hawlucha|Hawlucha, M|48/100
|-damage|p2a: Hawlucha|35/100|[from] Stealth Rock
|turn|20
|
|move|p2a: Hawlucha|Acrobatics|p1a: Centiskorch
|-supereffective|p1a: Centiskorch
|-damage|p1a: Centiskorch|0 fnt
|faint|p1a: Centiskorch
|
|win|Barbar3d
|l|☆Sudzer
|raw|Sudzer's rating: 1044 → 1029(-15 for losing)
|raw|Barbar3d's rating: 1072 → 1099(+27 for winning)
