|ScrapeTime|2020-01-02-02:18:45
|j|☆Dr. Fop
|j|☆kbells
|player|p1|Dr. Fop|brawly|
|player|p2|kbells|226|
|teamsize|p1|6
|teamsize|p2|6
|gametype|singles
|gen|8
|tier|[Gen 8] OU
|rule|Sleep Clause Mod: Limit one foe put to sleep
|rule|Species Clause: Limit one of each Pokémon
|rule|OHKO Clause: OHKO moves are banned
|rule|Evasion Moves Clause: Evasion moves are banned
|rule|Endless Battle Clause: Forcing endless battles is banned
|rule|HP Percentage Mod: HP is shown in percentages
|clearpoke
|poke|p1|Grimmsnarl, M|
|poke|p1|Corviknight, F|
|poke|p1|Dracovish|
|poke|p1|Toxtricity, M|
|poke|p1|Cinderace, M|
|poke|p1|Steelix, F|
|poke|p2|Togekiss, F|
|poke|p2|Grimmsnarl, M|
|poke|p2|Toxtricity, F|
|poke|p2|Dragapult, M|
|poke|p2|Ferrothorn, F|
|poke|p2|Mamoswine, F|
|rule|Dynamax Clause: You cannot dynamax
|teampreview
|inactive|Battle timer is ON: inactive players will automatically lose when time's up. (requested by Dr. Fop)
|
|start
|switch|p1a: Grimmsnarl|Grimmsnarl, M|100/100
|switch|p2a: Gregory|Grimmsnarl, M, shiny|100/100
|turn|1
|
|move|p1a: Grimmsnarl|Light Screen|p1a: Grimmsnarl
|-sidestart|p1: Dr. Fop|move: Light Screen
|move|p2a: Gregory|Substitute|p2a: Gregory
|-start|p2a: Gregory|Substitute
|-damage|p2a: Gregory|76/100
|
|-heal|p2a: Gregory|82/100|[from] item: Leftovers
|upkeep
|turn|2
|
|move|p1a: Grimmsnarl|Reflect|p1a: Grimmsnarl
|-sidestart|p1: Dr. Fop|Reflect
|move|p2a: Gregory|Bulk Up|p2a: Gregory
|-boost|p2a: Gregory|atk|1
|-boost|p2a: Gregory|def|1
|
|-heal|p2a: Gregory|88/100|[from] item: Leftovers
|upkeep
|turn|3
|
|switch|p1a: Steelix|Steelix, F|100/100
|move|p2a: Gregory|Bulk Up|p2a: Gregory
|-boost|p2a: Gregory|atk|1
|-boost|p2a: Gregory|def|1
|
|-heal|p2a: Gregory|94/100|[from] item: Leftovers
|upkeep
|turn|4
|
|move|p2a: Gregory|Darkest Lariat|p1a: Steelix
|-damage|p1a: Steelix|79/100
|move|p1a: Steelix|Stealth Rock|p2a: Gregory
|-sidestart|p2: kbells|move: Stealth Rock
|
|-heal|p2a: Gregory|99/100|[from] item: Leftovers
|upkeep
|turn|5
|
|move|p2a: Gregory|Bulk Up|p2a: Gregory
|-boost|p2a: Gregory|atk|1
|-boost|p2a: Gregory|def|1
|move|p1a: Steelix|Earth Power|p2a: Gregory
|-end|p2a: Gregory|Substitute
|
|-heal|p2a: Gregory|100/100|[from] item: Leftovers
|upkeep
|turn|6
|
|move|p2a: Gregory|Substitute|p2a: Gregory
|-start|p2a: Gregory|Substitute
|-damage|p2a: Gregory|76/100
|move|p1a: Steelix|Earth Power|p2a: Gregory
|-end|p2a: Gregory|Substitute
|
|-heal|p2a: Gregory|82/100|[from] item: Leftovers
|upkeep
|turn|7
|inactive|kbells has 270 seconds left.
|
|switch|p2a: Marty|Mamoswine, F|100/100
|-damage|p2a: Marty|88/100|[from] Stealth Rock
|move|p1a: Steelix|Stone Edge|p2a: Marty|[miss]
|-miss|p1a: Steelix|p2a: Marty
|
|upkeep
|turn|8
|
|move|p2a: Marty|Icicle Crash|p1a: Steelix
|-damage|p1a: Steelix|63/100
|move|p1a: Steelix|Iron Head|p2a: Marty
|-supereffective|p2a: Marty
|-damage|p2a: Marty|0 fnt
|faint|p2a: Marty
|
|-sideend|p1: Dr. Fop|move: Light Screen
|upkeep
|
|switch|p2a: Gregory|Grimmsnarl, M, shiny|82/100
|-damage|p2a: Gregory|69/100|[from] Stealth Rock
|turn|9
|
|move|p2a: Gregory|Bulk Up|p2a: Gregory
|-boost|p2a: Gregory|atk|1
|-boost|p2a: Gregory|def|1
|move|p1a: Steelix|Iron Head|p2a: Gregory
|-supereffective|p2a: Gregory
|-damage|p2a: Gregory|5/100
|
|-heal|p2a: Gregory|11/100|[from] item: Leftovers
|-sideend|p1: Dr. Fop|Reflect
|upkeep
|turn|10
|
|move|p2a: Gregory|Darkest Lariat|p1a: Steelix
|-damage|p1a: Steelix|32/100
|move|p1a: Steelix|Iron Head|p2a: Gregory
|-supereffective|p2a: Gregory
|-damage|p2a: Gregory|0 fnt
|faint|p2a: Gregory
|
|upkeep
|
|switch|p2a: Dramian|Dragapult, M|100/100
|-damage|p2a: Dramian|88/100|[from] Stealth Rock
|turn|11
|inactive|kbells has 270 seconds left.
|
|move|p2a: Dramian|Will-O-Wisp|p1a: Steelix
|-status|p1a: Steelix|brn
|move|p1a: Steelix|Iron Head|p2a: Dramian
|-crit|p2a: Dramian
|-damage|p2a: Dramian|44/100
|
|-damage|p1a: Steelix|26/100 brn|[from] brn
|upkeep
|turn|12
|inactive|kbells has 270 seconds left.
|
|move|p2a: Dramian|Hex|p1a: Steelix
|-damage|p1a: Steelix|0 fnt
|faint|p1a: Steelix
|
|upkeep
|
|switch|p1a: Grimmsnarl|Grimmsnarl, M|100/100
|turn|13
|inactive|kbells has 270 seconds left.
|
|move|p1a: Grimmsnarl|Light Screen|p1a: Grimmsnarl
|-sidestart|p1: Dr. Fop|move: Light Screen
|move|p2a: Dramian|U-turn|p1a: Grimmsnarl
|-damage|p1a: Grimmsnarl|85/100
|
|switch|p2a: Tanya|Togekiss, F|100/100|[from]move: U-turn
|-damage|p2a: Tanya|76/100|[from] Stealth Rock
|
|-heal|p2a: Tanya|82/100|[from] item: Leftovers
|upkeep
|turn|14
|
|switch|p1a: Corviknight|Corviknight, F, shiny|100/100
|-ability|p1a: Corviknight|Pressure
|move|p2a: Tanya|Dazzling Gleam|p1a: Corviknight
|-resisted|p1a: Corviknight
|-damage|p1a: Corviknight|93/100
|
|-heal|p2a: Tanya|88/100|[from] item: Leftovers
|-heal|p1a: Corviknight|99/100|[from] item: Leftovers
|upkeep
|turn|15
|
|move|p2a: Tanya|Thunder Wave|p1a: Corviknight
|-status|p1a: Corviknight|par
|cant|p1a: Corviknight|par
|
|-heal|p2a: Tanya|94/100|[from] item: Leftovers
|-heal|p1a: Corviknight|100/100 par|[from] item: Leftovers
|upkeep
|turn|16
|
|move|p2a: Tanya|Nasty Plot|p2a: Tanya
|-boost|p2a: Tanya|spa|2
|move|p1a: Corviknight|Bulk Up|p1a: Corviknight
|-boost|p1a: Corviknight|atk|1
|-boost|p1a: Corviknight|def|1
|
|-heal|p2a: Tanya|99/100|[from] item: Leftovers
|upkeep
|turn|17
|
|switch|p1a: Toxtricity|Toxtricity, M, shiny|100/100
|move|p2a: Tanya|Air Slash|p1a: Toxtricity
|-resisted|p1a: Toxtricity
|-damage|p1a: Toxtricity|70/100
|
|-heal|p2a: Tanya|100/100|[from] item: Leftovers
|upkeep
|turn|18
|
|switch|p2a: Francine|Ferrothorn, F, shiny|100/100
|-damage|p2a: Francine|94/100|[from] Stealth Rock
|move|p1a: Toxtricity|Toxic|p2a: Francine
|-immune|p2a: Francine
|
|-heal|p2a: Francine|100/100|[from] item: Leftovers
|upkeep
|turn|19
|
|switch|p1a: Cinderace|Cinderace, M|100/100
|move|p2a: Francine|Leech Seed|p1a: Cinderace
|-start|p1a: Cinderace|move: Leech Seed
|
|-damage|p1a: Cinderace|88/100|[from] Leech Seed|[of] p2a: Francine
|upkeep
|turn|20
|
|move|p2a: Francine|Protect|p2a: Francine
|-singleturn|p2a: Francine|Protect
|move|p1a: Cinderace|Pyro Ball|p2a: Francine
|-activate|p2a: Francine|move: Protect
|
|-damage|p1a: Cinderace|76/100|[from] Leech Seed|[of] p2a: Francine
|-sideend|p1: Dr. Fop|move: Light Screen
|upkeep
|turn|21
|
|switch|p2a: Dramian|Dragapult, M|44/100
|-damage|p2a: Dramian|32/100|[from] Stealth Rock
|move|p1a: Cinderace|Pyro Ball|p2a: Dramian
|-resisted|p2a: Dramian
|-crit|p2a: Dramian
|-damage|p2a: Dramian|0 fnt
|faint|p2a: Dramian
|
|upkeep
|inactive|kbells has 270 seconds left.
|
|switch|p2a: Trevor|Toxtricity, F, shiny|100/100
|-damage|p2a: Trevor|88/100|[from] Stealth Rock
|turn|22
|inactive|kbells has 270 seconds left.
|
|move|p1a: Cinderace|Sucker Punch|p2a: Trevor
|-damage|p2a: Trevor|57/100
|move|p2a: Trevor|Overdrive|p1a: Cinderace
|-damage|p1a: Cinderace|0 fnt
|faint|p1a: Cinderace
|
|upkeep
|
|switch|p1a: Toxtricity|Toxtricity, M, shiny|70/100
|turn|23
|
|move|p1a: Toxtricity|Boomburst|p2a: Trevor
|-crit|p2a: Trevor
|-damage|p2a: Trevor|0 fnt
|-enditem|p1a: Toxtricity|Throat Spray
|-boost|p1a: Toxtricity|spa|1
|faint|p2a: Trevor
|
|upkeep
|
|switch|p2a: Francine|Ferrothorn, F, shiny|100/100
|-damage|p2a: Francine|94/100|[from] Stealth Rock
|turn|24
|
|move|p1a: Toxtricity|Boomburst|p2a: Francine
|-resisted|p2a: Francine
|-damage|p2a: Francine|52/100
|move|p2a: Francine|Leech Seed|p1a: Toxtricity
|-start|p1a: Toxtricity|move: Leech Seed
|
|-heal|p2a: Francine|58/100|[from] item: Leftovers
|-damage|p1a: Toxtricity|58/100|[from] Leech Seed|[of] p2a: Francine
|-heal|p2a: Francine|68/100|[silent]
|upkeep
|turn|25
|
|switch|p1a: Corviknight|Corviknight, F, shiny|100/100 par
|-ability|p1a: Corviknight|Pressure
|move|p2a: Francine|Gyro Ball|p1a: Corviknight
|-resisted|p1a: Corviknight
|-crit|p1a: Corviknight
|-damage|p1a: Corviknight|87/100 par
|
|-heal|p1a: Corviknight|93/100 par|[from] item: Leftovers
|-heal|p2a: Francine|75/100|[from] item: Leftovers
|upkeep
|turn|26
|inactive|kbells has 270 seconds left.
|
|cant|p1a: Corviknight|par
|move|p2a: Francine|Leech Seed|p1a: Corviknight
|-start|p1a: Corviknight|move: Leech Seed
|
|-heal|p1a: Corviknight|99/100 par|[from] item: Leftovers
|-heal|p2a: Francine|81/100|[from] item: Leftovers
|-damage|p1a: Corviknight|87/100 par|[from] Leech Seed|[of] p2a: Francine
|-heal|p2a: Francine|95/100|[silent]
|upkeep
|turn|27
|
|cant|p1a: Corviknight|par
|move|p2a: Francine|Gyro Ball|p1a: Corviknight
|-resisted|p1a: Corviknight
|-damage|p1a: Corviknight|77/100 par
|
|-heal|p1a: Corviknight|84/100 par|[from] item: Leftovers
|-heal|p2a: Francine|100/100|[from] item: Leftovers
|-damage|p1a: Corviknight|71/100 par|[from] Leech Seed|[of] p2a: Francine
|upkeep
|turn|28
|
|move|p2a: Francine|Protect|p2a: Francine
|-singleturn|p2a: Francine|Protect
|move|p1a: Corviknight|Bulk Up|p1a: Corviknight
|-boost|p1a: Corviknight|atk|1
|-boost|p1a: Corviknight|def|1
|
|-heal|p1a: Corviknight|77/100 par|[from] item: Leftovers
|-damage|p1a: Corviknight|65/100 par|[from] Leech Seed|[of] p2a: Francine
|upkeep
|turn|29
|
|switch|p2a: Tanya|Togekiss, F|100/100
|-damage|p2a: Tanya|76/100|[from] Stealth Rock
|cant|p1a: Corviknight|par
|
|-heal|p2a: Tanya|82/100|[from] item: Leftovers
|-heal|p1a: Corviknight|71/100 par|[from] item: Leftovers
|-damage|p1a: Corviknight|59/100 par|[from] Leech Seed|[of] p2a: Tanya
|-heal|p2a: Tanya|98/100|[silent]
|upkeep
|turn|30
|
|move|p2a: Tanya|Nasty Plot|p2a: Tanya
|-boost|p2a: Tanya|spa|2
|cant|p1a: Corviknight|par
|
|-heal|p2a: Tanya|100/100|[from] item: Leftovers
|-heal|p1a: Corviknight|65/100 par|[from] item: Leftovers
|-damage|p1a: Corviknight|52/100 par|[from] Leech Seed|[of] p2a: Tanya
|upkeep
|turn|31
|
|move|p2a: Tanya|Nasty Plot|p2a: Tanya
|-boost|p2a: Tanya|spa|2
|move|p1a: Corviknight|Roost|p1a: Corviknight
|-heal|p1a: Corviknight|100/100 par
|-singleturn|p1a: Corviknight|move: Roost
|
|-damage|p1a: Corviknight|88/100 par|[from] Leech Seed|[of] p2a: Tanya
|upkeep
|turn|32
|
|move|p2a: Tanya|Air Slash|p1a: Corviknight
|-resisted|p1a: Corviknight
|-damage|p1a: Corviknight|39/100 par
|cant|p1a: Corviknight|flinch
|
|-heal|p1a: Corviknight|45/100 par|[from] item: Leftovers
|-damage|p1a: Corviknight|33/100 par|[from] Leech Seed|[of] p2a: Tanya
|upkeep
|turn|33
|
|move|p2a: Tanya|Nasty Plot|p2a: Tanya
|-boost|p2a: Tanya|spa|2
|move|p1a: Corviknight|Roost|p1a: Corviknight
|-heal|p1a: Corviknight|83/100 par
|-singleturn|p1a: Corviknight|move: Roost
|
|-heal|p1a: Corviknight|89/100 par|[from] item: Leftovers
|-damage|p1a: Corviknight|77/100 par|[from] Leech Seed|[of] p2a: Tanya
|upkeep
|turn|34
|
|move|p2a: Tanya|Air Slash|p1a: Corviknight
|-resisted|p1a: Corviknight
|-damage|p1a: Corviknight|18/100 par
|move|p1a: Corviknight|Brave Bird|p2a: Tanya
|-damage|p2a: Tanya|38/100
|-damage|p1a: Corviknight|2/100 par|[from] Recoil
|
|-heal|p2a: Tanya|44/100|[from] item: Leftovers
|-heal|p1a: Corviknight|8/100 par|[from] item: Leftovers
|-damage|p1a: Corviknight|0 fnt|[from] Leech Seed|[of] p2a: Tanya
|-heal|p2a: Tanya|54/100|[silent]
|faint|p1a: Corviknight
|upkeep
|
|switch|p1a: Toxtricity|Toxtricity, M, shiny|58/100
|turn|35
|
|move|p2a: Tanya|Air Slash|p1a: Toxtricity
|-resisted|p1a: Toxtricity
|-damage|p1a: Toxtricity|0 fnt
|faint|p1a: Toxtricity
|
|-heal|p2a: Tanya|60/100|[from] item: Leftovers
|upkeep
|
|switch|p1a: Dracovish|Dracovish|100/100
|turn|36
|
|move|p2a: Tanya|Dazzling Gleam|p1a: Dracovish
|-supereffective|p1a: Dracovish
|-damage|p1a: Dracovish|0 fnt
|faint|p1a: Dracovish
|
|-heal|p2a: Tanya|66/100|[from] item: Leftovers
|upkeep
|
|switch|p1a: Grimmsnarl|Grimmsnarl, M|85/100
|turn|37
|
|move|p1a: Grimmsnarl|Light Screen|p1a: Grimmsnarl
|-sidestart|p1: Dr. Fop|move: Light Screen
|move|p2a: Tanya|Dazzling Gleam|p1a: Grimmsnarl
|-supereffective|p1a: Grimmsnarl
|-damage|p1a: Grimmsnarl|0 fnt
|faint|p1a: Grimmsnarl
|
|win|kbells
|c|☆kbells|gg man
|c|☆Dr. Fop|ggs dude
