|ScrapeTime|2020-01-01-23:48:59
|j|☆Milkteass
|j|☆13snakeman
|player|p1|Milkteass|hooligans|1142
|player|p2|13snakeman|boarder|1078
|teamsize|p1|6
|teamsize|p2|6
|gametype|singles
|gen|8
|tier|[Gen 8] OU
|rated|
|rule|Sleep Clause Mod: Limit one foe put to sleep
|rule|Species Clause: Limit one of each Pokémon
|rule|OHKO Clause: OHKO moves are banned
|rule|Evasion Moves Clause: Evasion moves are banned
|rule|Endless Battle Clause: Forcing endless battles is banned
|rule|HP Percentage Mod: HP is shown in percentages
|clearpoke
|poke|p1|Pelipper, M|
|poke|p1|Dracovish|
|poke|p1|Seismitoad, M|
|poke|p1|Mantine, F|
|poke|p1|Dragapult, F|
|poke|p1|Lucario, M|
|poke|p2|Pelipper, F|
|poke|p2|Barraskewda, F|
|poke|p2|Ludicolo, F|
|poke|p2|Lapras, M|
|poke|p2|Seismitoad, M|
|poke|p2|Lanturn, F|
|rule|Dynamax Clause: You cannot dynamax
|teampreview
|c|☆Milkteass|Ehhh
|
|start
|switch|p1a: Dragapult|Dragapult, F|100/100
|switch|p2a: Lapras|Lapras, M|100/100
|turn|1
|
|move|p1a: Dragapult|Draco Meteor|p2a: Lapras
|-damage|p2a: Lapras|38/100
|-unboost|p1a: Dragapult|spa|2
|move|p2a: Lapras|Thunder|p1a: Dragapult|[miss]
|-miss|p2a: Lapras|p1a: Dragapult
|
|-heal|p2a: Lapras|44/100|[from] item: Leftovers
|upkeep
|turn|2
|
|move|p1a: Dragapult|Draco Meteor|p2a: Lapras
|-damage|p2a: Lapras|10/100
|-unboost|p1a: Dragapult|spa|2
|move|p2a: Lapras|Ice Beam|p1a: Dragapult
|-supereffective|p1a: Dragapult
|-damage|p1a: Dragapult|0 fnt
|faint|p1a: Dragapult
|
|-heal|p2a: Lapras|16/100|[from] item: Leftovers
|upkeep
|
|switch|p1a: Lucario|Lucario, M|100/100
|-item|p1a: Lucario|Air Balloon
|turn|3
|
|move|p1a: Lucario|Close Combat|p2a: Lapras
|-supereffective|p2a: Lapras
|-damage|p2a: Lapras|0 fnt
|-unboost|p1a: Lucario|def|1
|-unboost|p1a: Lucario|spd|1
|faint|p2a: Lapras
|
|upkeep
|
|switch|p2a: Barraskewda|Barraskewda, F|100/100
|turn|4
|inactive|Battle timer is ON: inactive players will automatically lose when time's up. (requested by 13snakeman)
|
|switch|p1a: Mantine|Mantine, F, shiny|100/100
|move|p2a: Barraskewda|Psychic Fangs|p1a: Mantine
|-crit|p1a: Mantine
|-damage|p1a: Mantine|45/100
|
|upkeep
|turn|5
|
|switch|p2a: Lanturn|Lanturn, F|100/100
|move|p1a: Mantine|Roost|p1a: Mantine
|-heal|p1a: Mantine|95/100
|-singleturn|p1a: Mantine|move: Roost
|
|upkeep
|turn|6
|
|switch|p1a: Dracovish|Dracovish|100/100
|move|p2a: Lanturn|Volt Switch|p1a: Dracovish
|-damage|p1a: Dracovish|64/100
|inactive|13snakeman has 120 seconds left.
|
|switch|p2a: Seismitoad|Seismitoad, M|100/100|[from]move: Volt Switch
|
|upkeep
|turn|7
|
|move|p1a: Dracovish|Crunch|p2a: Seismitoad
|-damage|p2a: Seismitoad|38/100
|-damage|p1a: Dracovish|48/100|[from] item: Rocky Helmet|[of] p2a: Seismitoad
|move|p2a: Seismitoad|Power Whip|p1a: Dracovish
|-damage|p1a: Dracovish|9/100
|
|upkeep
|turn|8
|inactive|13snakeman has 120 seconds left.
|
|move|p1a: Dracovish|Crunch|p2a: Seismitoad
|-damage|p2a: Seismitoad|0 fnt
|-damage|p1a: Dracovish|0 fnt|[from] item: Rocky Helmet|[of] p2a: Seismitoad
|faint|p2a: Seismitoad
|faint|p1a: Dracovish
|
|upkeep
|inactive|13snakeman has 120 seconds left.
|
|switch|p1a: Seismitoad|Seismitoad, M|100/100
|switch|p2a: Lanturn|Lanturn, F|100/100
|turn|9
|inactive|13snakeman has 120 seconds left.
|
|move|p1a: Seismitoad|Earth Power|p2a: Lanturn
|-supereffective|p2a: Lanturn
|-enditem|p2a: Lanturn|Focus Sash
|-damage|p2a: Lanturn|1/100
|-damage|p1a: Seismitoad|91/100|[from] item: Life Orb
|move|p2a: Lanturn|Volt Switch|p1a: Seismitoad
|-immune|p1a: Seismitoad
|
|upkeep
|turn|10
|
|switch|p2a: Ludicolo|Ludicolo, F|100/100
|move|p1a: Seismitoad|Grass Knot|p2a: Ludicolo
|-damage|p2a: Ludicolo|66/100
|-damage|p1a: Seismitoad|81/100|[from] item: Life Orb
|
|upkeep
|turn|11
|
|switch|p1a: Mantine|Mantine, F, shiny|95/100
|move|p2a: Ludicolo|Giga Drain|p1a: Mantine
|-damage|p1a: Mantine|60/100
|-heal|p2a: Ludicolo|85/100|[from] drain|[of] p1a: Mantine
|-damage|p2a: Ludicolo|75/100|[from] item: Life Orb
|
|upkeep
|turn|12
|
|move|p2a: Ludicolo|Ice Beam|p1a: Mantine
|-damage|p1a: Mantine|34/100
|-damage|p2a: Ludicolo|65/100|[from] item: Life Orb
|move|p1a: Mantine|Hurricane|p2a: Ludicolo|[miss]
|-miss|p1a: Mantine|p2a: Ludicolo
|
|upkeep
|turn|13
|
|switch|p2a: Lanturn|Lanturn, F|1/100
|move|p1a: Mantine|Roost|p1a: Mantine
|-heal|p1a: Mantine|84/100
|-singleturn|p1a: Mantine|move: Roost
|
|upkeep
|turn|14
|
|switch|p1a: Seismitoad|Seismitoad, M|81/100
|move|p2a: Lanturn|Thunder|p1a: Seismitoad
|-immune|p1a: Seismitoad
|
|upkeep
|turn|15
|inactive|13snakeman has 120 seconds left.
|
|switch|p2a: Pelipper|Pelipper, F|100/100
|-weather|RainDance|[from] ability: Drizzle|[of] p2a: Pelipper
|move|p1a: Seismitoad|Grass Knot|p2a: Pelipper
|-damage|p2a: Pelipper|69/100
|-damage|p1a: Seismitoad|71/100|[from] item: Life Orb
|
|-weather|RainDance|[upkeep]
|upkeep
|turn|16
|
|move|p1a: Seismitoad|Hydro Pump|p2a: Pelipper
|-resisted|p2a: Pelipper
|-damage|p2a: Pelipper|4/100
|-damage|p1a: Seismitoad|61/100|[from] item: Life Orb
|move|p2a: Pelipper|Hurricane|p1a: Seismitoad
|-damage|p1a: Seismitoad|9/100
|
|-weather|RainDance|[upkeep]
|upkeep
|turn|17
|
|move|p1a: Seismitoad|Stealth Rock|p2a: Pelipper
|-sidestart|p2: 13snakeman|move: Stealth Rock
|move|p2a: Pelipper|Hurricane|p1a: Seismitoad
|-damage|p1a: Seismitoad|0 fnt
|faint|p1a: Seismitoad
|
|-weather|RainDance|[upkeep]
|upkeep
|
|switch|p1a: Mantine|Mantine, F, shiny|84/100
|turn|18
|
|move|p1a: Mantine|Hurricane|p2a: Pelipper
|-damage|p2a: Pelipper|0 fnt
|faint|p2a: Pelipper
|
|-weather|RainDance|[upkeep]
|upkeep
|
|switch|p2a: Lanturn|Lanturn, F|1/100
|-damage|p2a: Lanturn|0 fnt|[from] Stealth Rock
|faint|p2a: Lanturn
|inactive|13snakeman has 90 seconds left.
|
|switch|p2a: Ludicolo|Ludicolo, F|65/100
|-damage|p2a: Ludicolo|52/100|[from] Stealth Rock
|turn|19
|
|move|p2a: Ludicolo|Giga Drain|p1a: Mantine
|-damage|p1a: Mantine|53/100
|-heal|p2a: Ludicolo|68/100|[from] drain|[of] p1a: Mantine
|-damage|p2a: Ludicolo|58/100|[from] item: Life Orb
|move|p1a: Mantine|Hurricane|p2a: Ludicolo
|-supereffective|p2a: Ludicolo
|-damage|p2a: Ludicolo|0 fnt
|faint|p2a: Ludicolo
|
|-weather|RainDance|[upkeep]
|upkeep
|
|switch|p2a: Barraskewda|Barraskewda, F|100/100
|-damage|p2a: Barraskewda|88/100|[from] Stealth Rock
|turn|20
|
|move|p2a: Barraskewda|Poison Jab|p1a: Mantine
|-damage|p1a: Mantine|19/100
|-status|p1a: Mantine|psn
|move|p1a: Mantine|Roost|p1a: Mantine
|-heal|p1a: Mantine|69/100 psn
|-singleturn|p1a: Mantine|move: Roost
|
|-weather|RainDance|[upkeep]
|-damage|p1a: Mantine|56/100 psn|[from] psn
|upkeep
|turn|21
|inactive|13snakeman has 90 seconds left.
|
|move|p2a: Barraskewda|Psychic Fangs|p1a: Mantine
|-damage|p1a: Mantine|22/100 psn
|move|p1a: Mantine|Hurricane|p2a: Barraskewda
|-damage|p2a: Barraskewda|0 fnt
|faint|p2a: Barraskewda
|
|win|Milkteass
|l|☆13snakeman
|raw|Milkteass's rating: 1142 → 1163(+21 for winning)
|raw|13snakeman's rating: 1078 → 1060(-18 for losing)
|l|☆Milkteass
