|ScrapeTime|2020-01-01-14:46:38
|j|☆immaculate play
|j|☆Victreebellend
|player|p1|immaculate play|giovanni|1414
|player|p2|Victreebellend|170|1426
|teamsize|p1|6
|teamsize|p2|6
|gametype|singles
|gen|8
|tier|[Gen 8] OU
|rated|
|rule|Sleep Clause Mod: Limit one foe put to sleep
|rule|Species Clause: Limit one of each Pokémon
|rule|OHKO Clause: OHKO moves are banned
|rule|Evasion Moves Clause: Evasion moves are banned
|rule|Endless Battle Clause: Forcing endless battles is banned
|rule|HP Percentage Mod: HP is shown in percentages
|clearpoke
|poke|p1|Kommo-o, M|
|poke|p1|Grimmsnarl, M|
|poke|p1|Dracovish|
|poke|p1|Aegislash, M|
|poke|p1|Hatterene, F|
|poke|p1|Mandibuzz, F|
|poke|p2|Seismitoad, F|
|poke|p2|Corviknight, F|
|poke|p2|Hydreigon, M|
|poke|p2|Salazzle, F|
|poke|p2|Clefable, M|
|poke|p2|Rotom-Mow|
|rule|Dynamax Clause: You cannot dynamax
|teampreview
|
|start
|switch|p1a: Bip-Bop|Grimmsnarl, M|100/100
|switch|p2a: Rotom|Rotom-Mow|100/100
|turn|1
|
|move|p1a: Bip-Bop|Light Screen|p1a: Bip-Bop
|-sidestart|p1: immaculate play|move: Light Screen
|move|p2a: Rotom|Volt Switch|p1a: Bip-Bop
|-damage|p1a: Bip-Bop|83/100
|c|☆immaculate play|i feel like we've been here before
|
|switch|p2a: Seismitoad|Seismitoad, F|100/100|[from]move: Volt Switch
|
|upkeep
|turn|2
|c|☆Victreebellend|does remind me of a time long ago
|
|switch|p1a: Nou|Hatterene, F|100/100
|move|p2a: Seismitoad|Stealth Rock|p1a: Nou
|move|p1a: Nou|Stealth Rock|p2a: Seismitoad|[from]Magic Bounce
|-sidestart|p2: Victreebellend|move: Stealth Rock
|
|upkeep
|turn|3
|
|switch|p2a: Corviknight|Corviknight, F|100/100
|-damage|p2a: Corviknight|88/100|[from] Stealth Rock
|-ability|p2a: Corviknight|Pressure
|move|p1a: Nou|Giga Drain|p2a: Corviknight
|-resisted|p2a: Corviknight
|-damage|p2a: Corviknight|81/100
|
|upkeep
|turn|4
|c|☆immaculate play|is this a replay?
|
|move|p2a: Corviknight|Iron Head|p1a: Nou
|-supereffective|p1a: Nou
|-damage|p1a: Nou|45/100
|cant|p1a: Nou|flinch
|
|upkeep
|turn|5
|
|switch|p1a: I feel bad|Mandibuzz, F|100/100
|move|p2a: Corviknight|Defog|p1a: I feel bad
|-unboost|p1a: I feel bad|evasion|1
|-sideend|p1: immaculate play|move: Light Screen
|-sideend|p2: Victreebellend|Stealth Rock|[from] move: Defog|[of] p2a: Corviknight
|
|upkeep
|turn|6
|c|☆immaculate play|oooo
|c|☆immaculate play|mix up
|c|☆Victreebellend|it's the edm remix of our last game
|c|☆immaculate play|shit
|
|switch|p2a: Clefable|Clefable, M|100/100
|move|p1a: I feel bad|U-turn|p2a: Clefable
|-resisted|p2a: Clefable
|-damage|p2a: Clefable|94/100
|
|switch|p1a: Bip-Bop|Grimmsnarl, M|83/100|[from]move: U-turn
|
|-heal|p2a: Clefable|99/100|[from] item: Leftovers
|upkeep
|turn|7
|
|move|p1a: Bip-Bop|Light Screen|p1a: Bip-Bop
|-sidestart|p1: immaculate play|move: Light Screen
|move|p2a: Clefable|Moonblast|p1a: Bip-Bop
|-supereffective|p1a: Bip-Bop
|-damage|p1a: Bip-Bop|61/100
|-unboost|p1a: Bip-Bop|spa|1
|
|-heal|p2a: Clefable|100/100|[from] item: Leftovers
|upkeep
|turn|8
|
|switch|p2a: Seismitoad|Seismitoad, F|100/100
|move|p1a: Bip-Bop|Thunder Wave|p2a: Seismitoad
|-immune|p2a: Seismitoad
|
|upkeep
|turn|9
|
|switch|p1a: Nou|Hatterene, F|45/100
|move|p2a: Seismitoad|Scald|p1a: Nou
|-damage|p1a: Nou|36/100
|
|upkeep
|turn|10
|
|switch|p2a: Rotom|Rotom-Mow|100/100
|move|p1a: Nou|Giga Drain|p2a: Rotom
|-resisted|p2a: Rotom
|-damage|p2a: Rotom|82/100
|-heal|p1a: Nou|44/100|[from] drain|[of] p2a: Rotom
|
|upkeep
|turn|11
|
|move|p2a: Rotom|Shadow Ball|p1a: Nou
|-supereffective|p1a: Nou
|-damage|p1a: Nou|17/100
|move|p1a: Nou|Mystical Fire|p2a: Rotom
|-supereffective|p2a: Rotom
|-damage|p2a: Rotom|0 fnt
|faint|p2a: Rotom
|
|upkeep
|
|switch|p2a: Salazzle|Salazzle, F|100/100
|turn|12
|
|switch|p1a: I feel bad|Mandibuzz, F|100/100
|move|p2a: Salazzle|Sludge Wave|p1a: I feel bad
|-damage|p1a: I feel bad|83/100
|
|upkeep
|turn|13
|
|move|p2a: Salazzle|Toxic|p1a: I feel bad
|-status|p1a: I feel bad|tox
|move|p1a: I feel bad|U-turn|p2a: Salazzle
|-resisted|p2a: Salazzle
|-damage|p2a: Salazzle|96/100
|
|switch|p1a: The Fish|Dracovish, shiny|100/100|[from]move: U-turn
|
|upkeep
|turn|14
|
|switch|p2a: Seismitoad|Seismitoad, F|100/100
|move|p1a: The Fish|Psychic Fangs|p2a: Seismitoad
|-crit|p2a: Seismitoad
|-damage|p2a: Seismitoad|22/100
|
|-heal|p2a: Seismitoad|28/100|[from] item: Leftovers
|-sideend|p1: immaculate play|move: Light Screen
|upkeep
|turn|15
|
|switch|p2a: Hydreigon|Hydreigon, M|100/100
|move|p1a: The Fish|Psychic Fangs|p2a: Hydreigon
|-immune|p2a: Hydreigon
|
|upkeep
|turn|16
|
|switch|p1a: Nou|Hatterene, F|17/100
|move|p2a: Hydreigon|U-turn|p1a: Nou
|-damage|p1a: Nou|0 fnt
|faint|p1a: Nou
|
|switch|p2a: Seismitoad|Seismitoad, F|28/100|[from]move: U-turn
|
|-heal|p2a: Seismitoad|34/100|[from] item: Leftovers
|upkeep
|
|switch|p1a: The Fish|Dracovish, shiny|100/100
|turn|17
|
|move|p1a: The Fish|Outrage|p2a: Seismitoad
|-damage|p2a: Seismitoad|0 fnt
|faint|p2a: Seismitoad
|
|upkeep
|
|switch|p2a: Clefable|Clefable, M|100/100
|turn|18
|
|move|p1a: The Fish|Outrage|p2a: Clefable|[from]lockedmove
|-immune|p2a: Clefable
|-start|p1a: The Fish|confusion|[fatigue]
|move|p2a: Clefable|Moonblast|p1a: The Fish
|-supereffective|p1a: The Fish
|-damage|p1a: The Fish|15/100
|-unboost|p1a: The Fish|spa|1
|
|upkeep
|turn|19
|
|switch|p1a: Panzer|Aegislash, M, shiny|100/100
|move|p2a: Clefable|Flamethrower|p1a: Panzer
|-supereffective|p1a: Panzer
|-damage|p1a: Panzer|71/100
|
|-heal|p1a: Panzer|78/100|[from] item: Leftovers
|upkeep
|turn|20
|
|switch|p2a: Salazzle|Salazzle, F|96/100
|move|p1a: Panzer|King's Shield||[still]
|-fail|p1a: Panzer
|
|-heal|p1a: Panzer|84/100|[from] item: Leftovers
|upkeep
|turn|21
|
|switch|p1a: I feel bad|Mandibuzz, F|83/100 tox
|move|p2a: Salazzle|Fire Blast|p1a: I feel bad|[miss]
|-miss|p2a: Salazzle|p1a: I feel bad
|
|-damage|p1a: I feel bad|77/100 tox|[from] psn
|upkeep
|turn|22
|
|move|p2a: Salazzle|Fire Blast|p1a: I feel bad
|-damage|p1a: I feel bad|31/100 tox
|move|p1a: I feel bad|U-turn|p2a: Salazzle
|-resisted|p2a: Salazzle
|-damage|p2a: Salazzle|91/100
|
|switch|p1a: Marsh|Kommo-o, M, shiny|100/100|[from]move: U-turn
|
|upkeep
|turn|23
|
|switch|p2a: Clefable|Clefable, M|100/100
|move|p1a: Marsh|Flash Cannon|p2a: Clefable
|-supereffective|p2a: Clefable
|-damage|p2a: Clefable|67/100
|
|-heal|p2a: Clefable|73/100|[from] item: Leftovers
|upkeep
|turn|24
|
|switch|p1a: Panzer|Aegislash, M, shiny|84/100
|move|p2a: Clefable|Moonlight|p2a: Clefable
|-heal|p2a: Clefable|100/100
|
|-heal|p1a: Panzer|90/100|[from] item: Leftovers
|upkeep
|turn|25
|
|switch|p2a: Salazzle|Salazzle, F|91/100
|move|p1a: Panzer|King's Shield||[still]
|-fail|p1a: Panzer
|
|-heal|p1a: Panzer|96/100|[from] item: Leftovers
|upkeep
|turn|26
|
|move|p2a: Salazzle|Fire Blast|p1a: Panzer
|-supereffective|p1a: Panzer
|-damage|p1a: Panzer|9/100
|-formechange|p1a: Panzer|Aegislash-Blade||[from] ability: Stance Change
|move|p1a: Panzer|Shadow Ball|p2a: Salazzle
|-damage|p2a: Salazzle|10/100
|-unboost|p2a: Salazzle|spd|1
|
|-heal|p1a: Panzer|15/100|[from] item: Leftovers
|upkeep
|turn|27
|
|switch|p2a: Corviknight|Corviknight, F|81/100
|-ability|p2a: Corviknight|Pressure
|-formechange|p1a: Panzer|Aegislash||[from] ability: Stance Change
|move|p1a: Panzer|King's Shield||[still]
|-fail|p1a: Panzer
|
|-heal|p1a: Panzer|21/100|[from] item: Leftovers
|upkeep
|turn|28
|
|switch|p2a: Hydreigon|Hydreigon, M|100/100
|move|p1a: Panzer|King's Shield||[still]
|-fail|p1a: Panzer
|
|-heal|p1a: Panzer|28/100|[from] item: Leftovers
|upkeep
|turn|29
|
|move|p1a: Panzer|King's Shield|p1a: Panzer
|-singleturn|p1a: Panzer|Protect
|move|p2a: Hydreigon|Dark Pulse|p1a: Panzer
|-activate|p1a: Panzer|move: Protect
|
|-heal|p1a: Panzer|34/100|[from] item: Leftovers
|upkeep
|turn|30
|
|switch|p2a: Clefable|Clefable, M|100/100
|switch|p1a: I feel bad|Mandibuzz, F|31/100 tox
|
|-damage|p1a: I feel bad|25/100 tox|[from] psn
|upkeep
|turn|31
|
|move|p1a: I feel bad|Roost|p1a: I feel bad
|-heal|p1a: I feel bad|75/100 tox
|-singleturn|p1a: I feel bad|move: Roost
|move|p2a: Clefable|Moonblast|p1a: I feel bad
|-supereffective|p1a: I feel bad
|-damage|p1a: I feel bad|20/100 tox
|-unboost|p1a: I feel bad|spa|1
|
|-damage|p1a: I feel bad|7/100 tox|[from] psn
|upkeep
|turn|32
|
|move|p1a: I feel bad|Foul Play|p2a: Clefable
|-resisted|p2a: Clefable
|-crit|p2a: Clefable
|-damage|p2a: Clefable|84/100
|move|p2a: Clefable|Moonblast|p1a: I feel bad
|-supereffective|p1a: I feel bad
|-damage|p1a: I feel bad|0 fnt
|faint|p1a: I feel bad
|
|-heal|p2a: Clefable|90/100|[from] item: Leftovers
|upkeep
|
|switch|p1a: The Fish|Dracovish, shiny|15/100
|turn|33
|
|switch|p2a: Corviknight|Corviknight, F|81/100
|-ability|p2a: Corviknight|Pressure
|move|p1a: The Fish|Fishious Rend|p2a: Corviknight
|-damage|p2a: Corviknight|0 fnt
|-damage|p1a: The Fish|0 fnt|[from] item: Rocky Helmet|[of] p2a: Corviknight
|faint|p2a: Corviknight
|faint|p1a: The Fish
|
|upkeep
|
|switch|p1a: Bip-Bop|Grimmsnarl, M|61/100
|switch|p2a: Hydreigon|Hydreigon, M|100/100
|turn|34
|
|move|p2a: Hydreigon|U-turn|p1a: Bip-Bop
|-damage|p1a: Bip-Bop|41/100
|
|switch|p2a: Salazzle|Salazzle, F|10/100|[from]move: U-turn
|move|p1a: Bip-Bop|Spirit Break|p2a: Salazzle
|-resisted|p2a: Salazzle
|-damage|p2a: Salazzle|0 fnt
|faint|p2a: Salazzle
|
|upkeep
|
|switch|p2a: Hydreigon|Hydreigon, M|100/100
|turn|35
|
|move|p1a: Bip-Bop|Thunder Wave|p2a: Hydreigon
|-hint|Since gen 7, Dark is immune to Prankster moves.
|-immune|p2a: Hydreigon
|move|p2a: Hydreigon|Flash Cannon|p1a: Bip-Bop
|-supereffective|p1a: Bip-Bop
|-damage|p1a: Bip-Bop|0 fnt
|faint|p1a: Bip-Bop
|
|upkeep
|
|switch|p1a: Marsh|Kommo-o, M, shiny|100/100
|turn|36
|
|switch|p2a: Clefable|Clefable, M|90/100
|move|p1a: Marsh|Clangorous Soul|p1a: Marsh
|-boost|p1a: Marsh|atk|1
|-boost|p1a: Marsh|def|1
|-boost|p1a: Marsh|spa|1
|-boost|p1a: Marsh|spd|1
|-boost|p1a: Marsh|spe|1
|-damage|p1a: Marsh|67/100
|-enditem|p1a: Marsh|Throat Spray
|-boost|p1a: Marsh|spa|1
|
|-heal|p2a: Clefable|96/100|[from] item: Leftovers
|upkeep
|turn|37
|
|move|p1a: Marsh|Boomburst|p2a: Clefable
|-damage|p2a: Clefable|44/100
|move|p2a: Clefable|Moonblast|p1a: Marsh
|-supereffective|p1a: Marsh
|-damage|p1a: Marsh|0 fnt
|faint|p1a: Marsh
|
|-heal|p2a: Clefable|50/100|[from] item: Leftovers
|upkeep
|
|switch|p1a: Panzer|Aegislash, M, shiny|34/100
|turn|38
|c|☆immaculate play|i always hated edm
|
|move|p1a: Panzer|King's Shield|p1a: Panzer
|-singleturn|p1a: Panzer|Protect
|move|p2a: Clefable|Flamethrower|p1a: Panzer
|-activate|p1a: Panzer|move: Protect
|
|-heal|p2a: Clefable|56/100|[from] item: Leftovers
|-heal|p1a: Panzer|40/100|[from] item: Leftovers
|upkeep
|turn|39
|c|☆Victreebellend|I've found a new love for it.  hatterne is still hard to get used to though
|
|move|p2a: Clefable|Flamethrower|p1a: Panzer
|-supereffective|p1a: Panzer
|-damage|p1a: Panzer|7/100
|move|p1a: Panzer|Substitute|p1a: Panzer
|-fail|p1a: Panzer|move: Substitute|[weak]
|
|-heal|p2a: Clefable|62/100|[from] item: Leftovers
|-heal|p1a: Panzer|13/100|[from] item: Leftovers
|upkeep
|turn|40
|c|☆immaculate play|gg
|c|☆Victreebellend|gg
|
|move|p2a: Clefable|Flamethrower|p1a: Panzer
|-supereffective|p1a: Panzer
|-crit|p1a: Panzer
|-damage|p1a: Panzer|0 fnt
|faint|p1a: Panzer
|
|win|Victreebellend
|raw|immaculate play's rating: 1414 → 1395(-19 for losing)
|raw|Victreebellend's rating: 1426 → 1446(+20 for winning)
|l|☆immaculate play
