|ScrapeTime|2020-01-02-02:55:51
|j|☆dooteedoot
|j|☆xxLatioz
|player|p1|dooteedoot|266|1370
|player|p2|xxLatioz|101|1303
|teamsize|p1|6
|teamsize|p2|6
|gametype|singles
|gen|8
|tier|[Gen 8] OU
|rated|
|rule|Sleep Clause Mod: Limit one foe put to sleep
|rule|Species Clause: Limit one of each Pokémon
|rule|OHKO Clause: OHKO moves are banned
|rule|Evasion Moves Clause: Evasion moves are banned
|rule|Endless Battle Clause: Forcing endless battles is banned
|rule|HP Percentage Mod: HP is shown in percentages
|clearpoke
|poke|p1|Dragapult, F|
|poke|p1|Toxapex, F|
|poke|p1|Ferrothorn, M|
|poke|p1|Corviknight, F|
|poke|p1|Seismitoad, M|
|poke|p1|Togekiss, F|
|poke|p2|Snorlax, F|
|poke|p2|Corviknight, F|
|poke|p2|Sylveon, F|
|poke|p2|Toxtricity, F|
|poke|p2|Salazzle, F|
|poke|p2|Vaporeon, F|
|rule|Dynamax Clause: You cannot dynamax
|teampreview
|
|start
|switch|p1a: Seismitoad|Seismitoad, M|100/100
|switch|p2a: Salazzle|Salazzle, F|100/100
|turn|1
|
|switch|p2a: Corviknight|Corviknight, F|100/100
|-ability|p2a: Corviknight|Pressure
|move|p1a: Seismitoad|Earth Power|p2a: Corviknight
|-immune|p2a: Corviknight
|
|upkeep
|turn|2
|
|move|p1a: Seismitoad|Scald|p2a: Corviknight
|-damage|p2a: Corviknight|76/100
|move|p2a: Corviknight|Iron Defense|p2a: Corviknight
|-boost|p2a: Corviknight|def|2
|
|upkeep
|turn|3
|
|switch|p2a: Snorlax|Snorlax, F|100/100
|move|p1a: Seismitoad|Scald|p2a: Snorlax
|-damage|p2a: Snorlax|91/100
|
|-heal|p2a: Snorlax|97/100|[from] item: Leftovers
|upkeep
|turn|4
|
|move|p1a: Seismitoad|Toxic|p2a: Snorlax
|-status|p2a: Snorlax|tox
|move|p2a: Snorlax|Body Slam|p1a: Seismitoad
|-damage|p1a: Seismitoad|76/100
|-status|p1a: Seismitoad|par
|
|-heal|p2a: Snorlax|100/100 tox|[from] item: Leftovers
|-heal|p1a: Seismitoad|82/100 par|[from] item: Leftovers
|-damage|p2a: Snorlax|94/100 tox|[from] psn
|upkeep
|turn|5
|
|switch|p1a: Ferrothorn|Ferrothorn, M|100/100
|move|p2a: Snorlax|Body Slam|p1a: Ferrothorn
|-resisted|p1a: Ferrothorn
|-damage|p1a: Ferrothorn|89/100
|-damage|p2a: Snorlax|82/100 tox|[from] ability: Iron Barbs|[of] p1a: Ferrothorn
|
|-heal|p2a: Snorlax|88/100 tox|[from] item: Leftovers
|-heal|p1a: Ferrothorn|95/100|[from] item: Leftovers
|-damage|p2a: Snorlax|76/100 tox|[from] psn
|upkeep
|turn|6
|
|switch|p2a: Salazzle|Salazzle, F|100/100
|move|p1a: Ferrothorn|Stealth Rock|p2a: Salazzle
|-sidestart|p2: xxLatioz|move: Stealth Rock
|
|-heal|p1a: Ferrothorn|100/100|[from] item: Leftovers
|upkeep
|turn|7
|
|switch|p1a: Seismitoad|Seismitoad, M|82/100 par
|move|p2a: Salazzle|Toxic||[still]
|-fail|p2a: Salazzle
|
|-heal|p1a: Seismitoad|88/100 par|[from] item: Leftovers
|upkeep
|turn|8
|
|switch|p2a: Corviknight|Corviknight, F|76/100
|-damage|p2a: Corviknight|63/100|[from] Stealth Rock
|-ability|p2a: Corviknight|Pressure
|cant|p1a: Seismitoad|par
|
|-heal|p1a: Seismitoad|94/100 par|[from] item: Leftovers
|upkeep
|turn|9
|
|move|p2a: Corviknight|Defog|p1a: Seismitoad
|-unboost|p1a: Seismitoad|evasion|1
|-sideend|p2: xxLatioz|Stealth Rock|[from] move: Defog|[of] p2a: Corviknight
|move|p1a: Seismitoad|Scald|p2a: Corviknight
|-damage|p2a: Corviknight|40/100
|-status|p2a: Corviknight|brn
|
|-heal|p1a: Seismitoad|99/100 par|[from] item: Leftovers
|-damage|p2a: Corviknight|34/100 brn|[from] brn
|upkeep
|turn|10
|
|move|p2a: Corviknight|Roost|p2a: Corviknight
|-heal|p2a: Corviknight|84/100 brn
|-singleturn|p2a: Corviknight|move: Roost
|cant|p1a: Seismitoad|par
|
|-heal|p1a: Seismitoad|100/100 par|[from] item: Leftovers
|-damage|p2a: Corviknight|77/100 brn|[from] brn
|upkeep
|turn|11
|
|switch|p2a: Toxtricity|Toxtricity, F|100/100
|switch|p1a: Togekiss|Togekiss, F|100/100
|
|upkeep
|turn|12
|
|switch|p1a: Ferrothorn|Ferrothorn, M|100/100
|move|p2a: Toxtricity|Sludge Bomb|p1a: Ferrothorn
|-immune|p1a: Ferrothorn
|
|upkeep
|turn|13
|
|move|p2a: Toxtricity|Taunt|p1a: Ferrothorn
|-start|p1a: Ferrothorn|move: Taunt
|cant|p1a: Ferrothorn|move: Taunt|Stealth Rock
|
|upkeep
|turn|14
|
|switch|p1a: Dragapult|Dragapult, F|100/100
|move|p2a: Toxtricity|Sludge Bomb|p1a: Dragapult
|-resisted|p1a: Dragapult
|-damage|p1a: Dragapult|68/100
|
|-heal|p1a: Dragapult|74/100|[from] item: Leftovers
|upkeep
|turn|15
|
|switch|p2a: Sylveon|Sylveon, F|100/100
|move|p1a: Dragapult|Protect||[still]
|-fail|p1a: Dragapult
|
|-heal|p1a: Dragapult|80/100|[from] item: Leftovers
|upkeep
|turn|16
|
|switch|p1a: Seismitoad|Seismitoad, M|100/100 par
|move|p2a: Sylveon|Mystical Fire|p1a: Seismitoad
|-resisted|p1a: Seismitoad
|-damage|p1a: Seismitoad|91/100 par
|-unboost|p1a: Seismitoad|spa|1
|
|-heal|p1a: Seismitoad|97/100 par|[from] item: Leftovers
|upkeep
|turn|17
|
|switch|p2a: Snorlax|Snorlax, F|76/100 tox
|switch|p1a: Ferrothorn|Ferrothorn, M|100/100
|
|-heal|p2a: Snorlax|82/100 tox|[from] item: Leftovers
|-damage|p2a: Snorlax|76/100 tox|[from] psn
|upkeep
|turn|18
|
|switch|p2a: Corviknight|Corviknight, F|77/100 brn
|-ability|p2a: Corviknight|Pressure
|move|p1a: Ferrothorn|Stealth Rock|p2a: Corviknight
|-sidestart|p2: xxLatioz|move: Stealth Rock
|
|-damage|p2a: Corviknight|71/100 brn|[from] brn
|upkeep
|turn|19
|
|switch|p1a: Corviknight|Corviknight, F|100/100
|-ability|p1a: Corviknight|Pressure
|move|p2a: Corviknight|Defog|p1a: Corviknight
|-unboost|p1a: Corviknight|evasion|1
|-sideend|p2: xxLatioz|Stealth Rock|[from] move: Defog|[of] p2a: Corviknight
|
|-damage|p2a: Corviknight|65/100 brn|[from] brn
|upkeep
|turn|20
|
|switch|p2a: Vaporeon|Vaporeon, F|100/100
|switch|p1a: Ferrothorn|Ferrothorn, M|100/100
|
|upkeep
|turn|21
|
|switch|p2a: Corviknight|Corviknight, F|65/100 brn
|-ability|p2a: Corviknight|Pressure
|move|p1a: Ferrothorn|Leech Seed|p2a: Corviknight
|-start|p2a: Corviknight|move: Leech Seed
|
|-damage|p2a: Corviknight|52/100 brn|[from] Leech Seed|[of] p1a: Ferrothorn
|-damage|p2a: Corviknight|46/100 brn|[from] brn
|upkeep
|turn|22
|
|move|p2a: Corviknight|Roost|p2a: Corviknight
|-heal|p2a: Corviknight|96/100 brn
|-singleturn|p2a: Corviknight|move: Roost
|move|p1a: Ferrothorn|Stealth Rock|p2a: Corviknight
|-sidestart|p2: xxLatioz|move: Stealth Rock
|
|-damage|p2a: Corviknight|84/100 brn|[from] Leech Seed|[of] p1a: Ferrothorn
|-damage|p2a: Corviknight|77/100 brn|[from] brn
|upkeep
|turn|23
|
|switch|p1a: Corviknight|Corviknight, F|100/100
|-ability|p1a: Corviknight|Pressure
|move|p2a: Corviknight|Defog|p1a: Corviknight
|-unboost|p1a: Corviknight|evasion|1
|-sideend|p2: xxLatioz|Stealth Rock|[from] move: Defog|[of] p2a: Corviknight
|
|-damage|p2a: Corviknight|65/100 brn|[from] Leech Seed|[of] p1a: Corviknight
|-damage|p2a: Corviknight|59/100 brn|[from] brn
|upkeep
|turn|24
|
|switch|p2a: Vaporeon|Vaporeon, F|100/100
|switch|p1a: Ferrothorn|Ferrothorn, M|100/100
|
|upkeep
|turn|25
|
|switch|p2a: Corviknight|Corviknight, F|59/100 brn
|-ability|p2a: Corviknight|Pressure
|move|p1a: Ferrothorn|Stealth Rock|p2a: Corviknight
|-sidestart|p2: xxLatioz|move: Stealth Rock
|
|-damage|p2a: Corviknight|52/100 brn|[from] brn
|upkeep
|turn|26
|
|switch|p1a: Corviknight|Corviknight, F|100/100
|-ability|p1a: Corviknight|Pressure
|move|p2a: Corviknight|Roost|p2a: Corviknight
|-heal|p2a: Corviknight|100/100 brn
|-singleturn|p2a: Corviknight|move: Roost
|
|-damage|p2a: Corviknight|94/100 brn|[from] brn
|upkeep
|turn|27
|
|move|p2a: Corviknight|Defog|p1a: Corviknight
|-unboost|p1a: Corviknight|evasion|1
|-sideend|p2: xxLatioz|Stealth Rock|[from] move: Defog|[of] p2a: Corviknight
|move|p1a: Corviknight|Iron Defense|p1a: Corviknight
|-boost|p1a: Corviknight|def|2
|
|-damage|p2a: Corviknight|88/100 brn|[from] brn
|upkeep
|turn|28
|
|switch|p2a: Vaporeon|Vaporeon, F|100/100
|move|p1a: Corviknight|Body Press|p2a: Vaporeon
|-damage|p2a: Vaporeon|75/100
|
|-heal|p2a: Vaporeon|81/100|[from] item: Leftovers
|upkeep
|turn|29
|
|move|p1a: Corviknight|Substitute|p1a: Corviknight
|-start|p1a: Corviknight|Substitute
|-damage|p1a: Corviknight|76/100
|move|p2a: Vaporeon|Scald|p1a: Corviknight
|-activate|p1a: Corviknight|move: Substitute|[damage]
|
|-heal|p1a: Corviknight|82/100|[from] item: Leftovers
|-heal|p2a: Vaporeon|88/100|[from] item: Leftovers
|upkeep
|turn|30
|
|move|p1a: Corviknight|Iron Defense|p1a: Corviknight
|-boost|p1a: Corviknight|def|2
|move|p2a: Vaporeon|Haze|p2a: Vaporeon
|-clearallboost
|
|-heal|p1a: Corviknight|88/100|[from] item: Leftovers
|-heal|p2a: Vaporeon|94/100|[from] item: Leftovers
|upkeep
|turn|31
|
|switch|p1a: Ferrothorn|Ferrothorn, M|100/100
|move|p2a: Vaporeon|Scald|p1a: Ferrothorn
|-resisted|p1a: Ferrothorn
|-damage|p1a: Ferrothorn|91/100
|
|-heal|p2a: Vaporeon|99/100|[from] item: Leftovers
|-heal|p1a: Ferrothorn|97/100|[from] item: Leftovers
|upkeep
|turn|32
|
|switch|p2a: Toxtricity|Toxtricity, F|100/100
|move|p1a: Ferrothorn|Stealth Rock|p2a: Toxtricity
|-sidestart|p2: xxLatioz|move: Stealth Rock
|
|-heal|p1a: Ferrothorn|100/100|[from] item: Leftovers
|upkeep
|turn|33
|
|move|p2a: Toxtricity|Acid Spray|p1a: Ferrothorn
|-immune|p1a: Ferrothorn
|move|p1a: Ferrothorn|Power Whip|p2a: Toxtricity
|-resisted|p2a: Toxtricity
|-damage|p2a: Toxtricity|76/100
|
|-heal|p2a: Toxtricity|82/100|[from] item: Leftovers
|upkeep
|turn|34
|
|switch|p2a: Corviknight|Corviknight, F|88/100 brn
|-damage|p2a: Corviknight|75/100 brn|[from] Stealth Rock
|-ability|p2a: Corviknight|Pressure
|move|p1a: Ferrothorn|Power Whip|p2a: Corviknight
|-resisted|p2a: Corviknight
|-damage|p2a: Corviknight|70/100 brn
|-damage|p1a: Ferrothorn|84/100|[from] item: Rocky Helmet|[of] p2a: Corviknight
|
|-heal|p1a: Ferrothorn|90/100|[from] item: Leftovers
|-damage|p2a: Corviknight|64/100 brn|[from] brn
|upkeep
|turn|35
|
|switch|p1a: Corviknight|Corviknight, F|88/100
|-ability|p1a: Corviknight|Pressure
|move|p2a: Corviknight|Defog|p1a: Corviknight
|-unboost|p1a: Corviknight|evasion|1
|-sideend|p2: xxLatioz|Stealth Rock|[from] move: Defog|[of] p2a: Corviknight
|
|-heal|p1a: Corviknight|94/100|[from] item: Leftovers
|-damage|p2a: Corviknight|58/100 brn|[from] brn
|upkeep
|turn|36
|
|switch|p2a: Vaporeon|Vaporeon, F|99/100
|switch|p1a: Ferrothorn|Ferrothorn, M|90/100
|
|-heal|p2a: Vaporeon|100/100|[from] item: Leftovers
|-heal|p1a: Ferrothorn|97/100|[from] item: Leftovers
|upkeep
|turn|37
|
|switch|p2a: Salazzle|Salazzle, F|100/100
|move|p1a: Ferrothorn|Stealth Rock|p2a: Salazzle
|-sidestart|p2: xxLatioz|move: Stealth Rock
|
|-heal|p1a: Ferrothorn|100/100|[from] item: Leftovers
|upkeep
|turn|38
|
|switch|p1a: Seismitoad|Seismitoad, M|97/100 par
|move|p2a: Salazzle|Substitute|p2a: Salazzle
|-start|p2a: Salazzle|Substitute
|-damage|p2a: Salazzle|75/100
|
|-heal|p2a: Salazzle|82/100|[from] item: Leftovers
|-heal|p1a: Seismitoad|100/100 par|[from] item: Leftovers
|upkeep
|turn|39
|
|move|p2a: Salazzle|Flamethrower|p1a: Seismitoad
|-resisted|p1a: Seismitoad
|-damage|p1a: Seismitoad|84/100 par
|move|p1a: Seismitoad|Earth Power|p2a: Salazzle
|-supereffective|p2a: Salazzle
|-end|p2a: Salazzle|Substitute
|
|-heal|p2a: Salazzle|88/100|[from] item: Leftovers
|-heal|p1a: Seismitoad|90/100 par|[from] item: Leftovers
|upkeep
|turn|40
|
|move|p2a: Salazzle|Disable|p1a: Seismitoad
|-start|p1a: Seismitoad|Disable|Earth Power
|move|p1a: Seismitoad|Scald|p2a: Salazzle
|-supereffective|p2a: Salazzle
|-damage|p2a: Salazzle|12/100
|
|-heal|p2a: Salazzle|18/100|[from] item: Leftovers
|-heal|p1a: Seismitoad|96/100 par|[from] item: Leftovers
|upkeep
|turn|41
|-message|xxLatioz forfeited.
|
|win|dooteedoot
|l|☆xxLatioz
|raw|dooteedoot's rating: 1353 → 1369(+16 for winning)
|raw|xxLatioz's rating: 1281 → 1261(-20 for losing)
