|ScrapeTime|2020-01-01-20:15:57
|j|☆Luchiwis
|j|☆AlkagenCU
|player|p1|Luchiwis|273|1507
|player|p2|AlkagenCU|lucas-gen4pt|1545
|teamsize|p1|6
|teamsize|p2|6
|gametype|singles
|gen|8
|tier|[Gen 8] OU
|rated|
|rule|Sleep Clause Mod: Limit one foe put to sleep
|rule|Species Clause: Limit one of each Pokémon
|rule|OHKO Clause: OHKO moves are banned
|rule|Evasion Moves Clause: Evasion moves are banned
|rule|Endless Battle Clause: Forcing endless battles is banned
|rule|HP Percentage Mod: HP is shown in percentages
|clearpoke
|poke|p1|Runerigus, M|
|poke|p1|Clefable, M|
|poke|p1|Ferrothorn, F|
|poke|p1|Obstagoon, F|
|poke|p1|Milotic, M|
|poke|p1|Dragapult, F|
|poke|p2|Ditto|
|poke|p2|Excadrill, M|
|poke|p2|Dracozolt|
|poke|p2|Toxapex, F|
|poke|p2|Corsola-Galar, M|
|poke|p2|Corviknight, M|
|rule|Dynamax Clause: You cannot dynamax
|teampreview
|inactive|Battle timer is ON: inactive players will automatically lose when time's up. (requested by Luchiwis)
|
|start
|switch|p1a: Runerigus|Runerigus, M|100/100
|switch|p2a: Toxapex|Toxapex, F|100/100
|turn|1
|
|switch|p1a: Dragapult|Dragapult, F|100/100
|move|p2a: Toxapex|Toxic|p1a: Dragapult
|-status|p1a: Dragapult|tox
|
|-damage|p1a: Dragapult|95/100 tox|[from] psn
|upkeep
|turn|2
|
|switch|p1a: Runerigus|Runerigus, M|100/100
|move|p2a: Toxapex|Recover||[still]
|-fail|p2a: Toxapex|heal
|
|upkeep
|turn|3
|
|move|p2a: Toxapex|Toxic|p1a: Runerigus
|-status|p1a: Runerigus|tox
|move|p1a: Runerigus|Stealth Rock|p2a: Toxapex
|-sidestart|p2: AlkagenCU|move: Stealth Rock
|
|-damage|p1a: Runerigus|94/100 tox|[from] psn
|upkeep
|turn|4
|
|switch|p2a: Corviknight|Corviknight, M|100/100
|-damage|p2a: Corviknight|88/100|[from] Stealth Rock
|-ability|p2a: Corviknight|Pressure
|move|p1a: Runerigus|Toxic Spikes|p2a: Corviknight
|-sidestart|p2: AlkagenCU|move: Toxic Spikes
|
|-heal|p2a: Corviknight|94/100|[from] item: Leftovers
|-heal|p1a: Runerigus|100/100 tox|[from] item: Leftovers
|-damage|p1a: Runerigus|88/100 tox|[from] psn
|upkeep
|turn|5
|
|move|p2a: Corviknight|Defog|p1a: Runerigus
|-unboost|p1a: Runerigus|evasion|1
|-sideend|p2: AlkagenCU|Toxic Spikes|[from] move: Defog|[of] p2a: Corviknight
|-sideend|p2: AlkagenCU|Stealth Rock|[from] move: Defog|[of] p2a: Corviknight
|move|p1a: Runerigus|Will-O-Wisp|p2a: Corviknight
|-status|p2a: Corviknight|brn
|
|-heal|p2a: Corviknight|100/100 brn|[from] item: Leftovers
|-heal|p1a: Runerigus|94/100 tox|[from] item: Leftovers
|-damage|p2a: Corviknight|94/100 brn|[from] brn
|-damage|p1a: Runerigus|75/100 tox|[from] psn
|upkeep
|turn|6
|
|move|p2a: Corviknight|Brave Bird|p1a: Runerigus
|-damage|p1a: Runerigus|65/100 tox
|-activate|p2a: Corviknight|ability: Wandering Spirit|Wandering Spirit|Pressure|[of] p1a: Runerigus
|-ability|p1a: Runerigus|Pressure
|-damage|p2a: Corviknight|91/100 brn|[from] Recoil
|move|p1a: Runerigus|Stealth Rock|p2a: Corviknight
|-sidestart|p2: AlkagenCU|move: Stealth Rock
|
|-heal|p2a: Corviknight|98/100 brn|[from] item: Leftovers
|-heal|p1a: Runerigus|71/100 tox|[from] item: Leftovers
|-damage|p2a: Corviknight|91/100 brn|[from] brn
|-damage|p1a: Runerigus|46/100 tox|[from] psn
|upkeep
|turn|7
|
|switch|p1a: Clefable|Clefable, M|100/100
|move|p2a: Corviknight|Defog|p1a: Clefable
|-unboost|p1a: Clefable|evasion|1
|-sideend|p2: AlkagenCU|Stealth Rock|[from] move: Defog|[of] p2a: Corviknight
|
|-heal|p2a: Corviknight|98/100 brn|[from] item: Leftovers
|-damage|p2a: Corviknight|91/100 brn|[from] brn
|upkeep
|turn|8
|
|switch|p2a: Corsola|Corsola-Galar, M|100/100
|switch|p1a: Runerigus|Runerigus, M|46/100 tox
|
|-heal|p1a: Runerigus|53/100 tox|[from] item: Leftovers
|-damage|p1a: Runerigus|46/100 tox|[from] psn
|upkeep
|turn|9
|
|move|p2a: Corsola|Stealth Rock|p1a: Runerigus
|-sidestart|p1: Luchiwis|move: Stealth Rock
|move|p1a: Runerigus|Stealth Rock|p2a: Corsola
|-sidestart|p2: AlkagenCU|move: Stealth Rock
|
|-heal|p1a: Runerigus|53/100 tox|[from] item: Leftovers
|-damage|p1a: Runerigus|40/100 tox|[from] psn
|upkeep
|turn|10
|
|move|p2a: Corsola|Night Shade|p1a: Runerigus
|-damage|p1a: Runerigus|9/100 tox
|move|p1a: Runerigus|Toxic Spikes|p2a: Corsola
|-sidestart|p2: AlkagenCU|move: Toxic Spikes
|
|-heal|p1a: Runerigus|15/100 tox|[from] item: Leftovers
|-damage|p1a: Runerigus|0 fnt|[from] psn
|faint|p1a: Runerigus
|upkeep
|
|switch|p1a: Obstagoon|Obstagoon, F|100/100
|-damage|p1a: Obstagoon|88/100|[from] Stealth Rock
|turn|11
|
|switch|p2a: Toxapex|Toxapex, F|100/100
|-damage|p2a: Toxapex|88/100|[from] Stealth Rock
|-sideend|p2: AlkagenCU|move: Toxic Spikes|[of] p2a: Toxapex
|move|p1a: Obstagoon|Knock Off|p2a: Toxapex
|-damage|p2a: Toxapex|61/100
|-enditem|p2a: Toxapex|Shed Shell|[from] move: Knock Off|[of] p1a: Obstagoon
|
|-status|p1a: Obstagoon|brn|[from] item: Flame Orb
|upkeep
|turn|12
|
|move|p1a: Obstagoon|Facade|p2a: Toxapex
|-damage|p2a: Toxapex|8/100
|move|p2a: Toxapex|Recover|p2a: Toxapex
|-heal|p2a: Toxapex|59/100
|
|-damage|p1a: Obstagoon|82/100 brn|[from] brn
|upkeep
|turn|13
|
|switch|p2a: Corviknight|Corviknight, M|91/100 brn
|-damage|p2a: Corviknight|79/100 brn|[from] Stealth Rock
|-ability|p2a: Corviknight|Pressure
|move|p1a: Obstagoon|Facade|p2a: Corviknight
|-resisted|p2a: Corviknight
|-damage|p2a: Corviknight|47/100 brn
|
|-heal|p2a: Corviknight|53/100 brn|[from] item: Leftovers
|-damage|p1a: Obstagoon|76/100 brn|[from] brn
|-damage|p2a: Corviknight|47/100 brn|[from] brn
|upkeep
|turn|14
|
|move|p1a: Obstagoon|Knock Off|p2a: Corviknight
|-damage|p2a: Corviknight|0 fnt
|-enditem|p2a: Corviknight|Leftovers|[from] move: Knock Off|[of] p1a: Obstagoon
|faint|p2a: Corviknight
|
|-damage|p1a: Obstagoon|70/100 brn|[from] brn
|upkeep
|
|switch|p2a: Ditto|Ditto|100/100
|-damage|p2a: Ditto|88/100|[from] Stealth Rock
|-transform|p2a: Ditto|p1a: Obstagoon|[from] ability: Imposter
|turn|15
|
|switch|p1a: Ferrothorn|Ferrothorn, F|100/100
|-damage|p1a: Ferrothorn|94/100|[from] Stealth Rock
|move|p2a: Ditto|Close Combat|p1a: Ferrothorn
|-supereffective|p1a: Ferrothorn
|-damage|p1a: Ferrothorn|54/100
|-damage|p2a: Ditto|76/100|[from] ability: Iron Barbs|[of] p1a: Ferrothorn
|-unboost|p2a: Ditto|def|1
|-unboost|p2a: Ditto|spd|1
|
|-heal|p1a: Ferrothorn|61/100|[from] item: Leftovers
|upkeep
|turn|16
|
|switch|p2a: Dracozolt|Dracozolt|100/100
|-damage|p2a: Dracozolt|88/100|[from] Stealth Rock
|move|p1a: Ferrothorn|Protect||[still]
|-fail|p1a: Ferrothorn
|
|-heal|p2a: Dracozolt|94/100|[from] item: Leftovers
|-heal|p1a: Ferrothorn|67/100|[from] item: Leftovers
|upkeep
|turn|17
|
|move|p1a: Ferrothorn|Protect|p1a: Ferrothorn
|-singleturn|p1a: Ferrothorn|Protect
|move|p2a: Dracozolt|Substitute|p2a: Dracozolt
|-start|p2a: Dracozolt|Substitute
|-damage|p2a: Dracozolt|69/100
|
|-heal|p2a: Dracozolt|76/100|[from] item: Leftovers
|-heal|p1a: Ferrothorn|73/100|[from] item: Leftovers
|upkeep
|turn|18
|
|move|p2a: Dracozolt|Bolt Beak|p1a: Ferrothorn|[miss]
|-miss|p2a: Dracozolt|p1a: Ferrothorn
|move|p1a: Ferrothorn|Spikes|p2a: Dracozolt
|-sidestart|p2: AlkagenCU|Spikes
|
|-heal|p2a: Dracozolt|82/100|[from] item: Leftovers
|-heal|p1a: Ferrothorn|79/100|[from] item: Leftovers
|upkeep
|turn|19
|
|move|p1a: Ferrothorn|Protect|p1a: Ferrothorn
|-singleturn|p1a: Ferrothorn|Protect
|move|p2a: Dracozolt|Fire Fang|p1a: Ferrothorn
|-activate|p1a: Ferrothorn|move: Protect
|
|-heal|p2a: Dracozolt|88/100|[from] item: Leftovers
|-heal|p1a: Ferrothorn|86/100|[from] item: Leftovers
|upkeep
|turn|20
|
|move|p2a: Dracozolt|Fire Fang|p1a: Ferrothorn|[miss]
|-miss|p2a: Dracozolt|p1a: Ferrothorn
|move|p1a: Ferrothorn|Spikes|p2a: Dracozolt
|-sidestart|p2: AlkagenCU|Spikes
|
|-heal|p2a: Dracozolt|94/100|[from] item: Leftovers
|-heal|p1a: Ferrothorn|92/100|[from] item: Leftovers
|upkeep
|turn|21
|
|move|p1a: Ferrothorn|Protect|p1a: Ferrothorn
|-singleturn|p1a: Ferrothorn|Protect
|move|p2a: Dracozolt|Fire Fang|p1a: Ferrothorn
|-activate|p1a: Ferrothorn|move: Protect
|
|-heal|p2a: Dracozolt|100/100|[from] item: Leftovers
|-heal|p1a: Ferrothorn|98/100|[from] item: Leftovers
|upkeep
|turn|22
|
|switch|p1a: Milotic|Milotic, M|100/100
|-damage|p1a: Milotic|88/100|[from] Stealth Rock
|move|p2a: Dracozolt|Fire Fang|p1a: Milotic
|-resisted|p1a: Milotic
|-damage|p1a: Milotic|72/100
|
|-heal|p1a: Milotic|78/100|[from] item: Leftovers
|upkeep
|turn|23
|
|switch|p1a: Ferrothorn|Ferrothorn, F|98/100
|-damage|p1a: Ferrothorn|92/100|[from] Stealth Rock
|move|p2a: Dracozolt|Bolt Beak|p1a: Ferrothorn
|-resisted|p1a: Ferrothorn
|-damage|p1a: Ferrothorn|55/100
|-damage|p2a: Dracozolt|88/100|[from] ability: Iron Barbs|[of] p1a: Ferrothorn
|
|-heal|p2a: Dracozolt|94/100|[from] item: Leftovers
|-heal|p1a: Ferrothorn|61/100|[from] item: Leftovers
|upkeep
|turn|24
|
|move|p2a: Dracozolt|Fire Fang|p1a: Ferrothorn|[miss]
|-miss|p2a: Dracozolt|p1a: Ferrothorn
|move|p1a: Ferrothorn|Power Whip|p2a: Dracozolt
|-resisted|p2a: Dracozolt
|-activate|p2a: Dracozolt|move: Substitute|[damage]
|
|-heal|p2a: Dracozolt|100/100|[from] item: Leftovers
|-heal|p1a: Ferrothorn|68/100|[from] item: Leftovers
|upkeep
|turn|25
|
|move|p2a: Dracozolt|Fire Fang|p1a: Ferrothorn
|-supereffective|p1a: Ferrothorn
|-damage|p1a: Ferrothorn|0 fnt
|-damage|p2a: Dracozolt|88/100|[from] ability: Iron Barbs|[of] p1a: Ferrothorn
|faint|p1a: Ferrothorn
|
|-heal|p2a: Dracozolt|94/100|[from] item: Leftovers
|upkeep
|
|switch|p1a: Dragapult|Dragapult, F|95/100 tox
|-damage|p1a: Dragapult|82/100 tox|[from] Stealth Rock
|turn|26
|
|switch|p2a: Toxapex|Toxapex, F|92/100
|-damage|p2a: Toxapex|75/100|[from] Spikes
|-damage|p2a: Toxapex|63/100|[from] Stealth Rock
|move|p1a: Dragapult|Substitute|p1a: Dragapult
|-start|p1a: Dragapult|Substitute
|-damage|p1a: Dragapult|57/100 tox
|
|-heal|p1a: Dragapult|63/100 tox|[from] item: Leftovers
|-damage|p1a: Dragapult|57/100 tox|[from] psn
|upkeep
|turn|27
|
|move|p1a: Dragapult|Will-O-Wisp|p2a: Toxapex
|-status|p2a: Toxapex|brn
|move|p2a: Toxapex|Recover|p2a: Toxapex
|-heal|p2a: Toxapex|100/100 brn
|
|-heal|p1a: Dragapult|63/100 tox|[from] item: Leftovers
|-damage|p1a: Dragapult|51/100 tox|[from] psn
|-damage|p2a: Toxapex|95/100 brn|[from] brn
|upkeep
|turn|28
|
|move|p1a: Dragapult|Hex|p2a: Toxapex
|-damage|p2a: Toxapex|44/100 brn
|move|p2a: Toxapex|Recover|p2a: Toxapex
|-heal|p2a: Toxapex|94/100 brn
|
|-heal|p1a: Dragapult|57/100 tox|[from] item: Leftovers
|-damage|p1a: Dragapult|39/100 tox|[from] psn
|-damage|p2a: Toxapex|88/100 brn|[from] brn
|upkeep
|turn|29
|
|move|p1a: Dragapult|Hex|p2a: Toxapex
|-damage|p2a: Toxapex|40/100 brn
|move|p2a: Toxapex|Recover|p2a: Toxapex
|-heal|p2a: Toxapex|90/100 brn
|
|-heal|p1a: Dragapult|45/100 tox|[from] item: Leftovers
|-damage|p1a: Dragapult|22/100 tox|[from] psn
|-damage|p2a: Toxapex|84/100 brn|[from] brn
|upkeep
|turn|30
|
|move|p1a: Dragapult|Disable|p2a: Toxapex
|-start|p2a: Toxapex|Disable|Recover
|cant|p2a: Toxapex|Disable|Recover
|
|-heal|p1a: Dragapult|28/100 tox|[from] item: Leftovers
|-damage|p1a: Dragapult|0 fnt|[from] psn
|faint|p1a: Dragapult
|-damage|p2a: Toxapex|78/100 brn|[from] brn
|upkeep
|
|switch|p1a: Obstagoon|Obstagoon, F|70/100 brn
|-damage|p1a: Obstagoon|58/100 brn|[from] Stealth Rock
|turn|31
|
|move|p1a: Obstagoon|Facade|p2a: Toxapex
|-damage|p2a: Toxapex|24/100 brn
|move|p2a: Toxapex|Scald|p1a: Obstagoon
|-damage|p1a: Obstagoon|36/100 brn
|
|-damage|p1a: Obstagoon|30/100 brn|[from] brn
|-damage|p2a: Toxapex|18/100 brn|[from] brn
|upkeep
|turn|32
|
|move|p1a: Obstagoon|Knock Off|p2a: Toxapex
|-damage|p2a: Toxapex|0 fnt
|faint|p2a: Toxapex
|
|-damage|p1a: Obstagoon|24/100 brn|[from] brn
|upkeep
|
|switch|p2a: Ditto|Ditto|76/100
|-damage|p2a: Ditto|63/100|[from] Stealth Rock
|-damage|p2a: Ditto|47/100|[from] Spikes
|-transform|p2a: Ditto|p1a: Obstagoon|[from] ability: Imposter
|turn|33
|
|switch|p1a: Clefable|Clefable, M|100/100
|move|p2a: Ditto|Facade|p1a: Clefable
|-damage|p1a: Clefable|63/100
|
|upkeep
|turn|34
|inactive|AlkagenCU has 120 seconds left.
|inactive|AlkagenCU has 90 seconds left.
|inactive|AlkagenCU has 60 seconds left.
|
|switch|p2a: Corsola|Corsola-Galar, M|100/100
|-damage|p2a: Corsola|84/100|[from] Spikes
|-damage|p2a: Corsola|71/100|[from] Stealth Rock
|move|p1a: Clefable|Wish|p1a: Clefable
|
|upkeep
|turn|35
|inactive|AlkagenCU has 60 seconds left.
|
|switch|p1a: Obstagoon|Obstagoon, F|24/100 brn
|-damage|p1a: Obstagoon|12/100 brn|[from] Stealth Rock
|move|p2a: Corsola|Strength Sap|p1a: Obstagoon
|-unboost|p1a: Obstagoon|atk|1
|-heal|p2a: Corsola|100/100
|
|-heal|p1a: Obstagoon|72/100 brn|[from] move: Wish|[wisher] Clefable
|-damage|p1a: Obstagoon|66/100 brn|[from] brn
|upkeep
|turn|36
|
|move|p1a: Obstagoon|Knock Off|p2a: Corsola
|-supereffective|p2a: Corsola
|-damage|p2a: Corsola|58/100
|-enditem|p2a: Corsola|Eviolite|[from] move: Knock Off|[of] p1a: Obstagoon
|move|p2a: Corsola|Strength Sap|p1a: Obstagoon
|-unboost|p1a: Obstagoon|atk|1
|-heal|p2a: Corsola|100/100
|
|-damage|p1a: Obstagoon|60/100 brn|[from] brn
|upkeep
|turn|37
|
|switch|p1a: Clefable|Clefable, M|63/100
|move|p2a: Corsola|Strength Sap|p1a: Clefable
|-unboost|p1a: Clefable|atk|1
|
|upkeep
|turn|38
|
|switch|p2a: Excadrill|Excadrill, M|100/100
|-damage|p2a: Excadrill|97/100|[from] Stealth Rock
|-damage|p2a: Excadrill|81/100|[from] Spikes
|-ability|p2a: Excadrill|Mold Breaker
|move|p1a: Clefable|Wish|p1a: Clefable
|
|-heal|p2a: Excadrill|87/100|[from] item: Leftovers
|upkeep
|turn|39
|
|switch|p1a: Milotic|Milotic, M|78/100
|-damage|p1a: Milotic|65/100|[from] Stealth Rock
|move|p2a: Excadrill|Rapid Spin|p1a: Milotic
|-damage|p1a: Milotic|47/100
|-sideend|p2: AlkagenCU|Spikes|[from] move: Rapid Spin|[of] p2a: Excadrill
|-sideend|p2: AlkagenCU|Stealth Rock|[from] move: Rapid Spin|[of] p2a: Excadrill
|-boost|p2a: Excadrill|spe|1
|
|-heal|p1a: Milotic|97/100|[from] move: Wish|[wisher] Clefable
|-heal|p2a: Excadrill|93/100|[from] item: Leftovers
|-heal|p1a: Milotic|100/100|[from] item: Leftovers
|upkeep
|turn|40
|
|switch|p2a: Ditto|Ditto|47/100
|-transform|p2a: Ditto|p1a: Milotic|[from] ability: Imposter
|move|p1a: Milotic|Scald|p2a: Ditto
|-resisted|p2a: Ditto
|-damage|p2a: Ditto|38/100
|
|upkeep
|turn|41
|
|switch|p1a: Clefable|Clefable, M|63/100
|move|p2a: Ditto|Recover|p2a: Ditto
|-heal|p2a: Ditto|88/100
|
|upkeep
|turn|42
|
|switch|p2a: Excadrill|Excadrill, M|93/100
|-ability|p2a: Excadrill|Mold Breaker
|move|p1a: Clefable|Wish|p1a: Clefable
|
|-heal|p2a: Excadrill|99/100|[from] item: Leftovers
|upkeep
|turn|43
|
|switch|p1a: Milotic|Milotic, M|100/100
|-damage|p1a: Milotic|88/100|[from] Stealth Rock
|move|p2a: Excadrill|Swords Dance|p2a: Excadrill
|-boost|p2a: Excadrill|atk|2
|
|-heal|p1a: Milotic|100/100|[from] move: Wish|[wisher] Clefable
|-heal|p2a: Excadrill|100/100|[from] item: Leftovers
|upkeep
|turn|44
|
|move|p2a: Excadrill|Earthquake|p1a: Milotic
|-damage|p1a: Milotic|0 fnt
|faint|p1a: Milotic
|
|upkeep
|-message|Luchiwis forfeited.
|
|win|AlkagenCU
|l|☆Luchiwis
|raw|Luchiwis's rating: 1507 → 1491(-16 for losing)
|raw|AlkagenCU's rating: 1568 → 1585(+17 for winning)
