|ScrapeTime|2020-01-01-09:55:27
|j|☆POKEMON12138
|j|☆Gym. Leader jakc
|player|p1|POKEMON12138|290|1171
|player|p2|Gym. Leader jakc|benga|1140
|teamsize|p1|6
|teamsize|p2|6
|gametype|singles
|gen|8
|tier|[Gen 8] OU
|rated|
|rule|Sleep Clause Mod: Limit one foe put to sleep
|rule|Species Clause: Limit one of each Pokémon
|rule|OHKO Clause: OHKO moves are banned
|rule|Evasion Moves Clause: Evasion moves are banned
|rule|Endless Battle Clause: Forcing endless battles is banned
|rule|HP Percentage Mod: HP is shown in percentages
|clearpoke
|poke|p1|Toxtricity-Low-Key, F|
|poke|p1|Dracovish|
|poke|p1|Gastrodon, F|
|poke|p1|Tyranitar, M|
|poke|p1|Cinderace, F|
|poke|p1|Corviknight, F|
|poke|p2|Salazzle, F|
|poke|p2|Conkeldurr, F|
|poke|p2|Sylveon, M|
|poke|p2|Tyranitar, M|
|poke|p2|Dubwool, M|
|poke|p2|Durant, F|
|rule|Dynamax Clause: You cannot dynamax
|teampreview
|inactive|Battle timer is ON: inactive players will automatically lose when time's up. (requested by Gym. Leader jakc)
|
|start
|switch|p1a: Cinderace|Cinderace, F|100/100
|switch|p2a: Tyranitar|Tyranitar, M|100/100
|-weather|Sandstorm|[from] ability: Sand Stream|[of] p2a: Tyranitar
|turn|1
|
|switch|p2a: Dubwool|Dubwool, M|100/100
|move|p1a: Cinderace|U-turn|p2a: Dubwool
|-damage|p2a: Dubwool|93/100
|-damage|p1a: Cinderace|84/100|[from] item: Rocky Helmet|[of] p2a: Dubwool
|
|switch|p1a: Toxtricity|Toxtricity-Low-Key, F|100/100|[from]move: U-turn
|
|-weather|Sandstorm|[upkeep]
|-damage|p1a: Toxtricity|94/100|[from] Sandstorm
|-damage|p2a: Dubwool|87/100|[from] Sandstorm
|upkeep
|turn|2
|
|switch|p2a: Tyranitar|Tyranitar, M|100/100
|move|p1a: Toxtricity|Volt Switch|p2a: Tyranitar
|-damage|p2a: Tyranitar|69/100
|
|switch|p1a: Dracovish|Dracovish|100/100|[from]move: Volt Switch
|
|-weather|Sandstorm|[upkeep]
|-damage|p1a: Dracovish|94/100|[from] Sandstorm
|-heal|p2a: Tyranitar|76/100|[from] item: Leftovers
|upkeep
|turn|3
|
|switch|p2a: Dubwool|Dubwool, M|87/100
|move|p1a: Dracovish|Fishious Rend|p2a: Dubwool
|-damage|p2a: Dubwool|46/100
|-damage|p1a: Dracovish|78/100|[from] item: Rocky Helmet|[of] p2a: Dubwool
|
|-weather|Sandstorm|[upkeep]
|-damage|p1a: Dracovish|72/100|[from] Sandstorm
|-damage|p2a: Dubwool|40/100|[from] Sandstorm
|upkeep
|turn|4
|inactive|Gym. Leader jakc has 120 seconds left.
|
|move|p1a: Dracovish|Fishious Rend|p2a: Dubwool
|-damage|p2a: Dubwool|5/100
|-damage|p1a: Dracovish|55/100|[from] item: Rocky Helmet|[of] p2a: Dubwool
|move|p2a: Dubwool|Rest|p2a: Dubwool
|-status|p2a: Dubwool|slp|[from] move: Rest
|-heal|p2a: Dubwool|100/100 slp|[silent]
|
|-weather|Sandstorm|[upkeep]
|-damage|p1a: Dracovish|49/100|[from] Sandstorm
|-damage|p2a: Dubwool|94/100 slp|[from] Sandstorm
|upkeep
|turn|5
|inactive|Gym. Leader jakc has 120 seconds left.
|
|switch|p1a: Toxtricity|Toxtricity-Low-Key, F|94/100
|cant|p2a: Dubwool|slp
|
|-weather|none
|upkeep
|turn|6
|
|switch|p2a: Tyranitar|Tyranitar, M|76/100
|-weather|Sandstorm|[from] ability: Sand Stream|[of] p2a: Tyranitar
|move|p1a: Toxtricity|Overdrive|p2a: Tyranitar
|-damage|p2a: Tyranitar|36/100
|
|-weather|Sandstorm|[upkeep]
|-damage|p1a: Toxtricity|88/100|[from] Sandstorm
|-heal|p2a: Tyranitar|42/100|[from] item: Leftovers
|upkeep
|turn|7
|inactive|Gym. Leader jakc has 120 seconds left.
|inactive|Gym. Leader jakc has 90 seconds left.
|
|switch|p1a: Corviknight|Corviknight, F|100/100
|switch|p2a: Sylveon|Sylveon, M|100/100
|
|-weather|Sandstorm|[upkeep]
|-damage|p2a: Sylveon|94/100|[from] Sandstorm
|upkeep
|turn|8
|inactive|Gym. Leader jakc has 90 seconds left.
|
|switch|p1a: Dracovish|Dracovish|49/100
|switch|p2a: Dubwool|Dubwool, M|94/100 slp
|
|-weather|Sandstorm|[upkeep]
|-damage|p1a: Dracovish|43/100|[from] Sandstorm
|-damage|p2a: Dubwool|88/100 slp|[from] Sandstorm
|upkeep
|turn|9
|inactive|Gym. Leader jakc has 90 seconds left.
|
|move|p1a: Dracovish|Fishious Rend|p2a: Dubwool
|-damage|p2a: Dubwool|47/100 slp
|-damage|p1a: Dracovish|26/100|[from] item: Rocky Helmet|[of] p2a: Dubwool
|cant|p2a: Dubwool|slp
|
|-weather|Sandstorm|[upkeep]
|-damage|p1a: Dracovish|20/100|[from] Sandstorm
|-damage|p2a: Dubwool|40/100 slp|[from] Sandstorm
|upkeep
|turn|10
|inactive|Gym. Leader jakc has 90 seconds left.
|
|move|p1a: Dracovish|Fishious Rend|p2a: Dubwool
|-damage|p2a: Dubwool|5/100 slp
|-damage|p1a: Dracovish|3/100|[from] item: Rocky Helmet|[of] p2a: Dubwool
|-curestatus|p2a: Dubwool|slp|[msg]
|move|p2a: Dubwool|Rest|p2a: Dubwool
|-status|p2a: Dubwool|slp|[from] move: Rest
|-heal|p2a: Dubwool|100/100 slp|[silent]
|
|-weather|none
|upkeep
|turn|11
|inactive|Gym. Leader jakc has 90 seconds left.
|
|switch|p1a: Cinderace|Cinderace, F|84/100
|cant|p2a: Dubwool|slp
|
|upkeep
|turn|12
|
|switch|p2a: Salazzle|Salazzle, F|100/100
|move|p1a: Cinderace|Pyro Ball|p2a: Salazzle
|-resisted|p2a: Salazzle
|-damage|p2a: Salazzle|54/100
|
|-heal|p2a: Salazzle|60/100|[from] item: Black Sludge
|upkeep
|turn|13
|
|switch|p2a: Dubwool|Dubwool, M|100/100 slp
|move|p1a: Cinderace|U-turn|p2a: Dubwool
|-damage|p2a: Dubwool|92/100 slp
|-damage|p1a: Cinderace|67/100|[from] item: Rocky Helmet|[of] p2a: Dubwool
|
|switch|p1a: Toxtricity|Toxtricity-Low-Key, F|88/100|[from]move: U-turn
|
|upkeep
|turn|14
|
|switch|p2a: Sylveon|Sylveon, M|94/100
|move|p1a: Toxtricity|Overdrive|p2a: Sylveon
|-damage|p2a: Sylveon|58/100
|
|upkeep
|turn|15
|
|switch|p1a: Tyranitar|Tyranitar, M|100/100
|-weather|Sandstorm|[from] ability: Sand Stream|[of] p1a: Tyranitar
|move|p2a: Sylveon|Psyshock|p1a: Tyranitar
|-immune|p1a: Tyranitar
|
|-weather|Sandstorm|[upkeep]
|-damage|p2a: Sylveon|52/100|[from] Sandstorm
|upkeep
|turn|16
|
|switch|p1a: Toxtricity|Toxtricity-Low-Key, F|88/100
|switch|p2a: Conkeldurr|Conkeldurr, F|100/100
|
|-weather|Sandstorm|[upkeep]
|-damage|p1a: Toxtricity|82/100|[from] Sandstorm
|-damage|p2a: Conkeldurr|94/100|[from] Sandstorm
|upkeep
|turn|17
|
|move|p1a: Toxtricity|Overdrive|p2a: Conkeldurr
|-damage|p2a: Conkeldurr|39/100
|move|p2a: Conkeldurr|Earthquake|p1a: Toxtricity
|-supereffective|p1a: Toxtricity
|-damage|p1a: Toxtricity|0 fnt
|faint|p1a: Toxtricity
|
|-weather|Sandstorm|[upkeep]
|-damage|p2a: Conkeldurr|33/100|[from] Sandstorm
|upkeep
|
|switch|p1a: Cinderace|Cinderace, F|67/100
|turn|18
|inactive|Gym. Leader jakc has 90 seconds left.
|
|switch|p2a: Sylveon|Sylveon, M|52/100
|move|p1a: Cinderace|Pyro Ball|p2a: Sylveon
|-damage|p2a: Sylveon|0 fnt
|faint|p2a: Sylveon
|
|-weather|Sandstorm|[upkeep]
|-damage|p1a: Cinderace|61/100|[from] Sandstorm
|upkeep
|
|switch|p2a: Salazzle|Salazzle, F|60/100
|turn|19
|
|move|p1a: Cinderace|U-turn|p2a: Salazzle
|-resisted|p2a: Salazzle
|-damage|p2a: Salazzle|50/100
|
|switch|p1a: Gastrodon|Gastrodon, F|100/100|[from]move: U-turn
|move|p2a: Salazzle|Sludge Wave|p1a: Gastrodon
|-resisted|p1a: Gastrodon
|-damage|p1a: Gastrodon|81/100
|
|-weather|none
|-heal|p2a: Salazzle|56/100|[from] item: Black Sludge
|-heal|p1a: Gastrodon|87/100|[from] item: Leftovers
|upkeep
|turn|20
|inactive|Gym. Leader jakc has 90 seconds left.
|
|move|p2a: Salazzle|Toxic|p1a: Gastrodon
|-status|p1a: Gastrodon|tox
|move|p1a: Gastrodon|Scald|p2a: Salazzle
|-supereffective|p2a: Salazzle
|-crit|p2a: Salazzle
|-damage|p2a: Salazzle|0 fnt
|faint|p2a: Salazzle
|
|-heal|p1a: Gastrodon|93/100 tox|[from] item: Leftovers
|-damage|p1a: Gastrodon|87/100 tox|[from] psn
|upkeep
|inactive|Gym. Leader jakc has 90 seconds left.
|
|switch|p2a: Dubwool|Dubwool, M|92/100 slp
|turn|21
|
|switch|p1a: Cinderace|Cinderace, F|61/100
|cant|p2a: Dubwool|slp
|
|upkeep
|turn|22
|
|switch|p2a: Tyranitar|Tyranitar, M|42/100
|-weather|Sandstorm|[from] ability: Sand Stream|[of] p2a: Tyranitar
|move|p1a: Cinderace|Pyro Ball|p2a: Tyranitar
|-resisted|p2a: Tyranitar
|-damage|p2a: Tyranitar|21/100
|
|-weather|Sandstorm|[upkeep]
|-damage|p1a: Cinderace|55/100|[from] Sandstorm
|-heal|p2a: Tyranitar|27/100|[from] item: Leftovers
|upkeep
|turn|23
|inactive|Gym. Leader jakc has 90 seconds left.
|
|switch|p2a: Dubwool|Dubwool, M|92/100 slp
|move|p1a: Cinderace|U-turn|p2a: Dubwool
|-damage|p2a: Dubwool|84/100 slp
|-damage|p1a: Cinderace|39/100|[from] item: Rocky Helmet|[of] p2a: Dubwool
|
|switch|p1a: Dracovish|Dracovish|3/100|[from]move: U-turn
|
|-weather|Sandstorm|[upkeep]
|-damage|p1a: Dracovish|0 fnt|[from] Sandstorm
|-damage|p2a: Dubwool|78/100 slp|[from] Sandstorm
|faint|p1a: Dracovish
|upkeep
|
|switch|p1a: Cinderace|Cinderace, F|39/100
|turn|24
|inactive|Gym. Leader jakc has 90 seconds left.
|
|switch|p2a: Durant|Durant, F|100/100
|move|p1a: Cinderace|Pyro Ball|p2a: Durant
|-supereffective|p2a: Durant
|-damage|p2a: Durant|0 fnt
|faint|p2a: Durant
|
|-weather|Sandstorm|[upkeep]
|-damage|p1a: Cinderace|33/100|[from] Sandstorm
|upkeep
|
|switch|p2a: Conkeldurr|Conkeldurr, F|33/100
|turn|25
|inactive|POKEMON12138 has 120 seconds left.
|
|switch|p1a: Corviknight|Corviknight, F|100/100
|move|p2a: Conkeldurr|Mach Punch|p1a: Corviknight
|-damage|p1a: Corviknight|83/100
|
|-weather|Sandstorm|[upkeep]
|-damage|p2a: Conkeldurr|27/100|[from] Sandstorm
|-heal|p1a: Corviknight|89/100|[from] item: Leftovers
|upkeep
|turn|26
|inactive|POKEMON12138 has 120 seconds left.
|
|switch|p2a: Dubwool|Dubwool, M|78/100 slp
|move|p1a: Corviknight|Bulk Up|p1a: Corviknight
|-boost|p1a: Corviknight|atk|1
|-boost|p1a: Corviknight|def|1
|
|-weather|none
|-heal|p1a: Corviknight|96/100|[from] item: Leftovers
|upkeep
|turn|27
|inactive|POKEMON12138 has 120 seconds left.
|inactive|Gym. Leader jakc has 90 seconds left.
|
|-curestatus|p2a: Dubwool|slp|[msg]
|move|p2a: Dubwool|Body Press|p1a: Corviknight
|-damage|p1a: Corviknight|86/100
|move|p1a: Corviknight|Taunt|p2a: Dubwool
|-start|p2a: Dubwool|move: Taunt
|
|-heal|p1a: Corviknight|92/100|[from] item: Leftovers
|upkeep
|turn|28
|inactive|POKEMON12138 has 120 seconds left.
|inactive|Gym. Leader jakc has 90 seconds left.
|
|switch|p2a: Tyranitar|Tyranitar, M|27/100
|-weather|Sandstorm|[from] ability: Sand Stream|[of] p2a: Tyranitar
|move|p1a: Corviknight|Bulk Up|p1a: Corviknight
|-boost|p1a: Corviknight|atk|1
|-boost|p1a: Corviknight|def|1
|
|-weather|Sandstorm|[upkeep]
|-heal|p1a: Corviknight|98/100|[from] item: Leftovers
|-heal|p2a: Tyranitar|33/100|[from] item: Leftovers
|upkeep
|turn|29
|inactive|POKEMON12138 has 120 seconds left.
|
|move|p1a: Corviknight|Body Press|p2a: Tyranitar
|-supereffective|p2a: Tyranitar
|-damage|p2a: Tyranitar|0 fnt
|faint|p2a: Tyranitar
|
|-weather|Sandstorm|[upkeep]
|-heal|p1a: Corviknight|100/100|[from] item: Leftovers
|upkeep
|
|switch|p2a: Conkeldurr|Conkeldurr, F|27/100
|turn|30
|
|move|p1a: Corviknight|Body Press|p2a: Conkeldurr
|-damage|p2a: Conkeldurr|0 fnt
|faint|p2a: Conkeldurr
|
|-weather|Sandstorm|[upkeep]
|upkeep
|-message|Gym. Leader jakc forfeited.
|
|win|POKEMON12138
|l|☆Gym. Leader jakc
|raw|POKEMON12138's rating: 1171 → 1193(+22 for winning)
|raw|Gym. Leader jakc's rating: 1140 → 1117(-23 for losing)
