|ScrapeTime|2020-01-02-14:25:02
|j|☆leyvatenlp
|j|☆Penedinando
|player|p1|leyvatenlp|265|1187
|player|p2|Penedinando|mira|1185
|teamsize|p1|6
|teamsize|p2|6
|gametype|singles
|gen|8
|tier|[Gen 8] OU
|rated|
|rule|Sleep Clause Mod: Limit one foe put to sleep
|rule|Species Clause: Limit one of each Pokémon
|rule|OHKO Clause: OHKO moves are banned
|rule|Evasion Moves Clause: Evasion moves are banned
|rule|Endless Battle Clause: Forcing endless battles is banned
|rule|HP Percentage Mod: HP is shown in percentages
|clearpoke
|poke|p1|Toxtricity-Low-Key, M|
|poke|p1|Rotom-Heat|
|poke|p1|Mawile, M|
|poke|p1|Corviknight, M|
|poke|p1|Toxapex, F|
|poke|p1|Mamoswine, M|
|poke|p2|Gyarados, M|
|poke|p2|Excadrill, F|
|poke|p2|Corsola-Galar, M|
|poke|p2|Cinderace, F|
|poke|p2|Hydreigon, M|
|poke|p2|Galvantula, F|
|rule|Dynamax Clause: You cannot dynamax
|teampreview
|inactive|Battle timer is ON: inactive players will automatically lose when time's up. (requested by Penedinando)
|
|start
|switch|p1a: Toxtricity|Toxtricity-Low-Key, M, shiny|100/100
|switch|p2a: Corsola|Corsola-Galar, M|100/100
|turn|1
|
|move|p1a: Toxtricity|Overdrive|p2a: Corsola
|-damage|p2a: Corsola|71/100
|move|p2a: Corsola|Stealth Rock|p1a: Toxtricity
|-sidestart|p1: leyvatenlp|move: Stealth Rock
|
|upkeep
|turn|2
|
|switch|p1a: Toxapex|Toxapex, F|100/100
|-damage|p1a: Toxapex|88/100|[from] Stealth Rock
|move|p2a: Corsola|Strength Sap|p1a: Toxapex
|-unboost|p1a: Toxapex|atk|1
|-heal|p2a: Corsola|100/100
|
|-heal|p1a: Toxapex|94/100|[from] item: Black Sludge
|upkeep
|turn|3
|
|switch|p2a: Excadrill|Excadrill, F|100/100
|-ability|p2a: Excadrill|Mold Breaker
|move|p1a: Toxapex|Toxic|p2a: Excadrill
|-immune|p2a: Excadrill
|
|-heal|p1a: Toxapex|100/100|[from] item: Black Sludge
|upkeep
|turn|4
|
|switch|p1a: Corviknight|Corviknight, M|100/100
|-damage|p1a: Corviknight|88/100|[from] Stealth Rock
|move|p2a: Excadrill|Earthquake|p1a: Corviknight
|-immune|p1a: Corviknight
|
|upkeep
|turn|5
|
|switch|p2a: Galvantula|Galvantula, F|100/100
|move|p1a: Corviknight|Iron Head|p2a: Galvantula
|-resisted|p2a: Galvantula
|-damage|p2a: Galvantula|78/100
|
|upkeep
|turn|6
|
|switch|p1a: Mamoswine|Mamoswine, M|100/100
|-damage|p1a: Mamoswine|88/100|[from] Stealth Rock
|move|p2a: Galvantula|Sticky Web|p1a: Mamoswine
|-sidestart|p1: leyvatenlp|move: Sticky Web
|
|upkeep
|turn|7
|
|switch|p2a: Corsola|Corsola-Galar, M|100/100
|move|p1a: Mamoswine|Icicle Crash|p2a: Corsola
|-damage|p2a: Corsola|58/100
|
|upkeep
|turn|8
|
|switch|p1a: Corviknight|Corviknight, M|88/100
|-damage|p1a: Corviknight|76/100|[from] Stealth Rock
|move|p2a: Corsola|Will-O-Wisp|p1a: Corviknight
|-status|p1a: Corviknight|brn
|
|-damage|p1a: Corviknight|70/100 brn|[from] brn
|upkeep
|turn|9
|
|move|p1a: Corviknight|Defog|p2a: Corsola
|-unboost|p2a: Corsola|evasion|1
|-sideend|p1: leyvatenlp|Stealth Rock|[from] move: Defog|[of] p1a: Corviknight
|-sideend|p1: leyvatenlp|Sticky Web|[from] move: Defog|[of] p1a: Corviknight
|move|p2a: Corsola|Night Shade|p1a: Corviknight
|-damage|p1a: Corviknight|45/100 brn
|
|-damage|p1a: Corviknight|39/100 brn|[from] brn
|upkeep
|turn|10
|
|move|p1a: Corviknight|Roost|p1a: Corviknight
|-heal|p1a: Corviknight|89/100 brn
|-singleturn|p1a: Corviknight|move: Roost
|move|p2a: Corsola|Stealth Rock|p1a: Corviknight
|-sidestart|p1: leyvatenlp|move: Stealth Rock
|
|-damage|p1a: Corviknight|83/100 brn|[from] brn
|upkeep
|turn|11
|
|switch|p2a: Galvantula|Galvantula, F|78/100
|move|p1a: Corviknight|Defog|p2a: Galvantula
|-unboost|p2a: Galvantula|evasion|1
|-sideend|p1: leyvatenlp|Stealth Rock|[from] move: Defog|[of] p1a: Corviknight
|
|-damage|p1a: Corviknight|77/100 brn|[from] brn
|upkeep
|turn|12
|
|switch|p2a: Gyarados|Gyarados, M, shiny|100/100
|switch|p1a: Mamoswine|Mamoswine, M|88/100
|
|upkeep
|turn|13
|
|move|p2a: Gyarados|Dragon Dance|p2a: Gyarados
|-boost|p2a: Gyarados|atk|1
|-boost|p2a: Gyarados|spe|1
|move|p1a: Mamoswine|Icicle Crash|p2a: Gyarados
|-damage|p2a: Gyarados|21/100
|
|upkeep
|turn|14
|
|switch|p1a: Toxapex|Toxapex, F|100/100
|move|p2a: Gyarados|Waterfall|p1a: Toxapex
|-resisted|p1a: Toxapex
|-damage|p1a: Toxapex|72/100
|-damage|p2a: Gyarados|11/100|[from] item: Life Orb
|
|-heal|p1a: Toxapex|78/100|[from] item: Black Sludge
|upkeep
|turn|15
|
|switch|p1a: Corviknight|Corviknight, M|77/100 brn
|move|p2a: Gyarados|Earthquake|p1a: Corviknight
|-immune|p1a: Corviknight
|
|-damage|p1a: Corviknight|71/100 brn|[from] brn
|upkeep
|turn|16
|
|move|p2a: Gyarados|Waterfall|p1a: Corviknight
|-damage|p1a: Corviknight|20/100 brn
|-damage|p2a: Gyarados|0 fnt|[from] item: Rocky Helmet|[of] p1a: Corviknight
|faint|p2a: Gyarados
|move|p1a: Corviknight|Roost|p1a: Corviknight
|-heal|p1a: Corviknight|70/100 brn
|-singleturn|p1a: Corviknight|move: Roost
|
|-damage|p1a: Corviknight|64/100 brn|[from] brn
|upkeep
|
|switch|p2a: Galvantula|Galvantula, F|78/100
|turn|17
|
|move|p2a: Galvantula|Volt Switch|p1a: Corviknight
|-supereffective|p1a: Corviknight
|-damage|p1a: Corviknight|6/100 brn
|
|switch|p2a: Corsola|Corsola-Galar, M|58/100|[from]move: Volt Switch
|move|p1a: Corviknight|Brave Bird|p2a: Corsola
|-damage|p2a: Corsola|47/100
|-damage|p1a: Corviknight|4/100 brn|[from] Recoil
|
|-damage|p1a: Corviknight|0 fnt|[from] brn
|faint|p1a: Corviknight
|upkeep
|
|switch|p1a: Toxapex|Toxapex, F|100/100
|turn|18
|
|move|p1a: Toxapex|Scald|p2a: Corsola
|-damage|p2a: Corsola|35/100
|-status|p2a: Corsola|brn
|move|p2a: Corsola|Stealth Rock|p1a: Toxapex
|-sidestart|p1: leyvatenlp|move: Stealth Rock
|
|-damage|p2a: Corsola|29/100 brn|[from] brn
|upkeep
|turn|19
|
|move|p1a: Toxapex|Scald|p2a: Corsola
|-damage|p2a: Corsola|19/100 brn
|move|p2a: Corsola|Strength Sap|p1a: Toxapex
|-unboost|p1a: Toxapex|atk|1
|-heal|p2a: Corsola|59/100 brn
|
|-damage|p2a: Corsola|53/100 brn|[from] brn
|upkeep
|turn|20
|
|move|p1a: Toxapex|Scald|p2a: Corsola
|-damage|p2a: Corsola|42/100 brn
|move|p2a: Corsola|Will-O-Wisp|p1a: Toxapex
|-status|p1a: Toxapex|brn
|
|-damage|p1a: Toxapex|94/100 brn|[from] brn
|-damage|p2a: Corsola|36/100 brn|[from] brn
|upkeep
|turn|21
|
|move|p1a: Toxapex|Scald|p2a: Corsola
|-damage|p2a: Corsola|25/100 brn
|move|p2a: Corsola|Strength Sap|p1a: Toxapex
|-unboost|p1a: Toxapex|atk|1
|-heal|p2a: Corsola|52/100 brn
|
|-heal|p1a: Toxapex|100/100 brn|[from] item: Black Sludge
|-damage|p1a: Toxapex|94/100 brn|[from] brn
|-damage|p2a: Corsola|46/100 brn|[from] brn
|upkeep
|turn|22
|
|move|p1a: Toxapex|Scald|p2a: Corsola
|-damage|p2a: Corsola|35/100 brn
|-start|p1a: Toxapex|Disable|Scald|[from] ability: Cursed Body|[of] p2a: Corsola
|move|p2a: Corsola|Night Shade|p1a: Toxapex
|-damage|p1a: Toxapex|61/100 brn
|
|-heal|p1a: Toxapex|68/100 brn|[from] item: Black Sludge
|-damage|p1a: Toxapex|61/100 brn|[from] brn
|-damage|p2a: Corsola|28/100 brn|[from] brn
|upkeep
|turn|23
|l|☆Penedinando
|inactive|Penedinando disconnected and has a minute to reconnect!
|player|p2|
|j|☆Penedinando
|inactive|Penedinando reconnected.
|player|p2|Penedinando|mira
|
|move|p1a: Toxapex|Recover|p1a: Toxapex
|-heal|p1a: Toxapex|100/100 brn
|move|p2a: Corsola|Strength Sap|p1a: Toxapex
|-unboost|p1a: Toxapex|atk|1
|-heal|p2a: Corsola|48/100 brn
|
|-damage|p1a: Toxapex|94/100 brn|[from] brn
|-damage|p2a: Corsola|42/100 brn|[from] brn
|upkeep
|turn|24
|
|move|p1a: Toxapex|Toxic||[still]
|-fail|p1a: Toxapex
|move|p2a: Corsola|Strength Sap|p1a: Toxapex
|-unboost|p1a: Toxapex|atk|1
|-heal|p2a: Corsola|58/100 brn
|
|-heal|p1a: Toxapex|100/100 brn|[from] item: Black Sludge
|-damage|p1a: Toxapex|94/100 brn|[from] brn
|-damage|p2a: Corsola|52/100 brn|[from] brn
|upkeep
|turn|25
|
|move|p1a: Toxapex|Toxic||[still]
|-fail|p1a: Toxapex
|move|p2a: Corsola|Night Shade|p1a: Toxapex
|-damage|p1a: Toxapex|61/100 brn
|
|-heal|p1a: Toxapex|68/100 brn|[from] item: Black Sludge
|-damage|p1a: Toxapex|61/100 brn|[from] brn
|-damage|p2a: Corsola|46/100 brn|[from] brn
|-end|p1a: Toxapex|Disable
|upkeep
|turn|26
|
|move|p1a: Toxapex|Scald|p2a: Corsola
|-damage|p2a: Corsola|35/100 brn
|-start|p1a: Toxapex|Disable|Scald|[from] ability: Cursed Body|[of] p2a: Corsola
|move|p2a: Corsola|Night Shade|p1a: Toxapex
|-damage|p1a: Toxapex|28/100 brn
|
|-heal|p1a: Toxapex|35/100 brn|[from] item: Black Sludge
|-damage|p1a: Toxapex|28/100 brn|[from] brn
|-damage|p2a: Corsola|29/100 brn|[from] brn
|upkeep
|turn|27
|
|switch|p2a: Excadrill|Excadrill, F|100/100
|-ability|p2a: Excadrill|Mold Breaker
|move|p1a: Toxapex|Recover|p1a: Toxapex
|-heal|p1a: Toxapex|78/100 brn
|
|-heal|p1a: Toxapex|85/100 brn|[from] item: Black Sludge
|-damage|p1a: Toxapex|78/100 brn|[from] brn
|upkeep
|turn|28
|
|switch|p1a: BlackPink|Mawile, M, shiny|100/100
|-damage|p1a: BlackPink|94/100|[from] Stealth Rock
|-ability|p1a: BlackPink|Intimidate|boost
|-unboost|p2a: Excadrill|atk|1
|move|p2a: Excadrill|Earthquake|p1a: BlackPink
|-supereffective|p1a: BlackPink
|-damage|p1a: BlackPink|19/100
|
|-heal|p1a: BlackPink|25/100|[from] item: Leftovers
|upkeep
|turn|29
|
|move|p1a: BlackPink|Protect|p1a: BlackPink
|-singleturn|p1a: BlackPink|Protect
|move|p2a: Excadrill|Earthquake|p1a: BlackPink
|-activate|p1a: BlackPink|move: Protect
|
|-heal|p1a: BlackPink|31/100|[from] item: Leftovers
|upkeep
|turn|30
|
|move|p2a: Excadrill|Earthquake|p1a: BlackPink
|-supereffective|p1a: BlackPink
|-damage|p1a: BlackPink|0 fnt
|faint|p1a: BlackPink
|
|upkeep
|
|switch|p1a: Toxapex|Toxapex, F|100/100 brn
|-damage|p1a: Toxapex|88/100 brn|[from] Stealth Rock
|turn|31
|
|switch|p2a: Corsola|Corsola-Galar, M|29/100 brn
|move|p1a: Toxapex|Scald|p2a: Corsola
|-damage|p2a: Corsola|19/100 brn
|
|-heal|p1a: Toxapex|94/100 brn|[from] item: Black Sludge
|-damage|p1a: Toxapex|88/100 brn|[from] brn
|-damage|p2a: Corsola|12/100 brn|[from] brn
|upkeep
|turn|32
|
|move|p1a: Toxapex|Scald|p2a: Corsola
|-damage|p2a: Corsola|2/100 brn
|move|p2a: Corsola|Strength Sap|p1a: Toxapex
|-unboost|p1a: Toxapex|atk|1
|-heal|p2a: Corsola|42/100 brn
|
|-heal|p1a: Toxapex|94/100 brn|[from] item: Black Sludge
|-damage|p1a: Toxapex|88/100 brn|[from] brn
|-damage|p2a: Corsola|36/100 brn|[from] brn
|upkeep
|turn|33
|
|move|p1a: Toxapex|Scald|p2a: Corsola
|-damage|p2a: Corsola|25/100 brn
|move|p2a: Corsola|Night Shade|p1a: Toxapex
|-damage|p1a: Toxapex|55/100 brn
|
|-heal|p1a: Toxapex|61/100 brn|[from] item: Black Sludge
|-damage|p1a: Toxapex|55/100 brn|[from] brn
|-damage|p2a: Corsola|19/100 brn|[from] brn
|upkeep
|turn|34
|
|move|p1a: Toxapex|Recover|p1a: Toxapex
|-heal|p1a: Toxapex|100/100 brn
|move|p2a: Corsola|Strength Sap|p1a: Toxapex
|-unboost|p1a: Toxapex|atk|1
|-heal|p2a: Corsola|46/100 brn
|
|-damage|p1a: Toxapex|94/100 brn|[from] brn
|-damage|p2a: Corsola|40/100 brn|[from] brn
|upkeep
|turn|35
|
|move|p1a: Toxapex|Scald|p2a: Corsola
|-damage|p2a: Corsola|29/100 brn
|move|p2a: Corsola|Strength Sap|p1a: Toxapex
|-unboost|p1a: Toxapex|atk|1
|-heal|p2a: Corsola|49/100 brn
|
|-heal|p1a: Toxapex|100/100 brn|[from] item: Black Sludge
|-damage|p1a: Toxapex|94/100 brn|[from] brn
|-damage|p2a: Corsola|43/100 brn|[from] brn
|upkeep
|turn|36
|
|move|p1a: Toxapex|Scald|p2a: Corsola
|-crit|p2a: Corsola
|-damage|p2a: Corsola|28/100 brn
|-start|p1a: Toxapex|Disable|Scald|[from] ability: Cursed Body|[of] p2a: Corsola
|move|p2a: Corsola|Night Shade|p1a: Toxapex
|-damage|p1a: Toxapex|61/100 brn
|
|-heal|p1a: Toxapex|68/100 brn|[from] item: Black Sludge
|-damage|p1a: Toxapex|61/100 brn|[from] brn
|-damage|p2a: Corsola|22/100 brn|[from] brn
|upkeep
|turn|37
|
|move|p1a: Toxapex|Recover|p1a: Toxapex
|-heal|p1a: Toxapex|100/100 brn
|move|p2a: Corsola|Strength Sap|p1a: Toxapex
|-unboost|p1a: Toxapex|atk|1
|-heal|p2a: Corsola|38/100 brn
|
|-damage|p1a: Toxapex|94/100 brn|[from] brn
|-damage|p2a: Corsola|32/100 brn|[from] brn
|upkeep
|turn|38
|
|switch|p2a: Excadrill|Excadrill, F|100/100
|-ability|p2a: Excadrill|Mold Breaker
|move|p1a: Toxapex|Toxic|p2a: Excadrill
|-immune|p2a: Excadrill
|
|-heal|p1a: Toxapex|100/100 brn|[from] item: Black Sludge
|-damage|p1a: Toxapex|94/100 brn|[from] brn
|upkeep
|turn|39
|
|move|p2a: Excadrill|Earthquake|p1a: Toxapex
|-supereffective|p1a: Toxapex
|-damage|p1a: Toxapex|11/100 brn
|move|p1a: Toxapex|Recover|p1a: Toxapex
|-heal|p1a: Toxapex|61/100 brn
|
|-heal|p1a: Toxapex|67/100 brn|[from] item: Black Sludge
|-damage|p1a: Toxapex|61/100 brn|[from] brn
|-end|p1a: Toxapex|Disable
|upkeep
|turn|40
|
|move|p2a: Excadrill|Earthquake|p1a: Toxapex
|-supereffective|p1a: Toxapex
|-crit|p1a: Toxapex
|-damage|p1a: Toxapex|0 fnt
|faint|p1a: Toxapex
|
|upkeep
|
|switch|p1a: Rotom|Rotom-Heat|100/100
|-damage|p1a: Rotom|76/100|[from] Stealth Rock
|turn|41
|
|move|p1a: Rotom|Overheat|p2a: Excadrill
|-supereffective|p2a: Excadrill
|-damage|p2a: Excadrill|0 fnt
|-unboost|p1a: Rotom|spa|2
|faint|p2a: Excadrill
|
|upkeep
|
|switch|p2a: Galvantula|Galvantula, F|78/100
|turn|42
|
|move|p2a: Galvantula|Sticky Web|p1a: Rotom
|-sidestart|p1: leyvatenlp|move: Sticky Web
|move|p1a: Rotom|Overheat|p2a: Galvantula
|-supereffective|p2a: Galvantula
|-damage|p2a: Galvantula|0 fnt
|-unboost|p1a: Rotom|spa|2
|faint|p2a: Galvantula
|
|upkeep
|
|switch|p2a: Hydreigon|Hydreigon, M|100/100
|turn|43
|
|switch|p1a: Toxtricity|Toxtricity-Low-Key, M, shiny|100/100
|-activate|p1a: Toxtricity|move: Sticky Web
|-unboost|p1a: Toxtricity|spe|1
|-damage|p1a: Toxtricity|88/100|[from] Stealth Rock
|move|p2a: Hydreigon|U-turn|p1a: Toxtricity
|-resisted|p1a: Toxtricity
|-damage|p1a: Toxtricity|76/100
|
|switch|p2a: Cinderace|Cinderace, F|100/100|[from]move: U-turn
|
|upkeep
|turn|44
|
|move|p2a: Cinderace|Pyro Ball|p1a: Toxtricity
|-damage|p1a: Toxtricity|0 fnt
|faint|p1a: Toxtricity
|
|upkeep
|
|switch|p1a: Rotom|Rotom-Heat|76/100
|-damage|p1a: Rotom|51/100|[from] Stealth Rock
|turn|45
|
|move|p2a: Cinderace|High Jump Kick|p1a: Rotom|[miss]
|-miss|p2a: Cinderace|p1a: Rotom
|-damage|p2a: Cinderace|51/100|[from] highjumpkick
|move|p1a: Rotom|Thunder Wave|p2a: Cinderace
|-status|p2a: Cinderace|par
|
|upkeep
|turn|46
|
|move|p1a: Rotom|Thunder Wave|p2a: Cinderace
|-fail|p2a: Cinderace|par
|move|p2a: Cinderace|High Jump Kick|p1a: Rotom
|-damage|p1a: Rotom|4/100
|
|upkeep
|turn|47
|
|move|p1a: Rotom|Thunder Wave|p2a: Cinderace
|-fail|p2a: Cinderace|par
|move|p2a: Cinderace|U-turn|p1a: Rotom
|-resisted|p1a: Rotom
|-damage|p1a: Rotom|0 fnt
|faint|p1a: Rotom
|c|☆Penedinando|AHAHAHAHAHA
|c|☆Penedinando|THUNDER WAVE SPECS
|c|☆Penedinando|AHAHAHAHAHA
|
|switch|p2a: Corsola|Corsola-Galar, M|32/100 brn|[from]move: U-turn
|
|-damage|p2a: Corsola|25/100 brn|[from] brn
|upkeep
|c|☆leyvatenlp|?
|
|switch|p1a: Mamoswine|Mamoswine, M|88/100
|-activate|p1a: Mamoswine|move: Sticky Web
|-unboost|p1a: Mamoswine|spe|1
|-damage|p1a: Mamoswine|76/100|[from] Stealth Rock
|turn|48
|c|☆Penedinando|AHAHAHAH
|
|move|p1a: Mamoswine|Icicle Crash|p2a: Corsola
|-damage|p2a: Corsola|0 fnt
|-start|p1a: Mamoswine|Disable|Icicle Crash|[from] ability: Cursed Body|[of] p2a: Corsola
|faint|p2a: Corsola
|
|upkeep
|
|switch|p2a: Hydreigon|Hydreigon, M|100/100
|turn|49
|c|☆leyvatenlp|I dont understand, what are specs?
|
|move|p2a: Hydreigon|Focus Blast|p1a: Mamoswine
|-supereffective|p1a: Mamoswine
|-damage|p1a: Mamoswine|0 fnt
|faint|p1a: Mamoswine
|
|win|Penedinando
|raw|leyvatenlp's rating: 1187 → 1160(-27 for losing)
|raw|Penedinando's rating: 1160 → 1187(+27 for winning)
|l|☆leyvatenlp
|c|☆Penedinando|Choice specs.
