|ScrapeTime|2020-01-01-12:01:08
|j|☆Oruakuma
|j|☆ronin0397
|player|p1|Oruakuma|hilda-dueldisk|1409
|player|p2|ronin0397|1|1405
|teamsize|p1|6
|teamsize|p2|6
|gametype|singles
|gen|8
|tier|[Gen 8] OU
|rated|
|rule|Sleep Clause Mod: Limit one foe put to sleep
|rule|Species Clause: Limit one of each Pokémon
|rule|OHKO Clause: OHKO moves are banned
|rule|Evasion Moves Clause: Evasion moves are banned
|rule|Endless Battle Clause: Forcing endless battles is banned
|rule|HP Percentage Mod: HP is shown in percentages
|clearpoke
|poke|p1|Aegislash, F|
|poke|p1|Tyranitar, F|
|poke|p1|Ferrothorn, F|
|poke|p1|Hydreigon, M|
|poke|p1|Dracovish|
|poke|p1|Rotom-Heat|
|poke|p2|Clefable, M|
|poke|p2|Gyarados, M|
|poke|p2|Toxapex, M|
|poke|p2|Obstagoon, F|
|poke|p2|Corviknight, M|
|poke|p2|Excadrill, M|
|rule|Dynamax Clause: You cannot dynamax
|teampreview
|inactive|Battle timer is ON: inactive players will automatically lose when time's up. (requested by ronin0397)
|c|☆Oruakuma|hf
|
|start
|switch|p1a: Ferrothorn|Ferrothorn, F|100/100
|switch|p2a: Obstagoon|Obstagoon, F, shiny|100/100
|turn|1
|
|switch|p1a: Rotom|Rotom-Heat|100/100
|move|p2a: Obstagoon|Obstruct||[still]
|-fail|p2a: Obstagoon
|
|-status|p2a: Obstagoon|brn|[from] item: Flame Orb
|upkeep
|turn|2
|
|move|p1a: Rotom|Overheat|p2a: Obstagoon
|-damage|p2a: Obstagoon|25/100 brn
|-unboost|p1a: Rotom|spa|2
|move|p2a: Obstagoon|Knock Off|p1a: Rotom
|-damage|p1a: Rotom|19/100
|-enditem|p1a: Rotom|Choice Scarf|[from] move: Knock Off|[of] p2a: Obstagoon
|
|-damage|p2a: Obstagoon|19/100 brn|[from] brn
|upkeep
|turn|3
|
|switch|p2a: wall-e|Toxapex, M, shiny|100/100
|switch|p1a: Ferrothorn|Ferrothorn, F|100/100
|
|upkeep
|turn|4
|
|switch|p2a: Cosmo|Clefable, M, shiny|100/100
|move|p1a: Ferrothorn|Leech Seed|p2a: Cosmo
|-start|p2a: Cosmo|move: Leech Seed
|
|upkeep
|turn|5
|
|switch|p1a: Tyranitar|Tyranitar, F|100/100
|-weather|Sandstorm|[from] ability: Sand Stream|[of] p1a: Tyranitar
|move|p2a: Cosmo|Moonblast|p1a: Tyranitar
|-supereffective|p1a: Tyranitar
|-damage|p1a: Tyranitar|47/100
|
|-weather|Sandstorm|[upkeep]
|-heal|p1a: Tyranitar|53/100|[from] item: Leftovers
|upkeep
|turn|6
|
|switch|p2a: Corviknight|Corviknight, M|100/100
|-ability|p2a: Corviknight|Pressure
|move|p1a: Tyranitar|Stealth Rock|p2a: Corviknight
|-sidestart|p2: ronin0397|move: Stealth Rock
|
|-weather|Sandstorm|[upkeep]
|-heal|p1a: Tyranitar|59/100|[from] item: Leftovers
|upkeep
|turn|7
|
|switch|p1a: Dracovish|Dracovish|100/100
|move|p2a: Corviknight|Taunt|p1a: Dracovish
|-start|p1a: Dracovish|move: Taunt
|
|-weather|Sandstorm|[upkeep]
|-damage|p1a: Dracovish|94/100|[from] Sandstorm
|upkeep
|turn|8
|
|move|p1a: Dracovish|Fishious Rend|p2a: Corviknight
|-damage|p2a: Corviknight|2/100
|move|p2a: Corviknight|Defog|p1a: Dracovish
|-unboost|p1a: Dracovish|evasion|1
|-sideend|p2: ronin0397|Stealth Rock|[from] move: Defog|[of] p2a: Corviknight
|
|-weather|Sandstorm|[upkeep]
|-damage|p1a: Dracovish|88/100|[from] Sandstorm
|-heal|p2a: Corviknight|8/100|[from] item: Leftovers
|upkeep
|turn|9
|
|switch|p2a: wall-e|Toxapex, M, shiny|100/100
|move|p1a: Dracovish|Fishious Rend|p2a: wall-e
|-resisted|p2a: wall-e
|-damage|p2a: wall-e|51/100
|
|-weather|none
|-heal|p2a: wall-e|57/100|[from] item: Black Sludge
|-end|p1a: Dracovish|move: Taunt
|upkeep
|turn|10
|
|switch|p1a: Ferrothorn|Ferrothorn, F|100/100
|move|p2a: wall-e|Toxic|p1a: Ferrothorn
|-immune|p1a: Ferrothorn
|
|-heal|p2a: wall-e|64/100|[from] item: Black Sludge
|upkeep
|turn|11
|
|switch|p2a: Cosmo|Clefable, M, shiny|100/100
|move|p1a: Ferrothorn|Spikes|p2a: Cosmo
|-sidestart|p2: ronin0397|Spikes
|
|upkeep
|turn|12
|
|move|p2a: Cosmo|Moonblast|p1a: Ferrothorn
|-resisted|p1a: Ferrothorn
|-damage|p1a: Ferrothorn|75/100
|-unboost|p1a: Ferrothorn|spa|1
|move|p1a: Ferrothorn|Power Whip|p2a: Cosmo
|-damage|p2a: Cosmo|59/100
|
|-heal|p1a: Ferrothorn|81/100|[from] item: Leftovers
|upkeep
|turn|13
|
|switch|p1a: Tyranitar|Tyranitar, F|59/100
|-weather|Sandstorm|[from] ability: Sand Stream|[of] p1a: Tyranitar
|move|p2a: Cosmo|Moonlight|p2a: Cosmo
|-heal|p2a: Cosmo|83/100
|
|-weather|Sandstorm|[upkeep]
|-heal|p1a: Tyranitar|65/100|[from] item: Leftovers
|upkeep
|turn|14
|
|move|p1a: Tyranitar|Stealth Rock|p2a: Cosmo
|-sidestart|p2: ronin0397|move: Stealth Rock
|move|p2a: Cosmo|Moonblast|p1a: Tyranitar
|-supereffective|p1a: Tyranitar
|-damage|p1a: Tyranitar|18/100
|
|-weather|Sandstorm|[upkeep]
|-heal|p1a: Tyranitar|24/100|[from] item: Leftovers
|upkeep
|turn|15
|
|move|p1a: Tyranitar|Stone Edge|p2a: Cosmo
|-damage|p2a: Cosmo|32/100
|move|p2a: Cosmo|Moonblast|p1a: Tyranitar
|-supereffective|p1a: Tyranitar
|-damage|p1a: Tyranitar|0 fnt
|faint|p1a: Tyranitar
|
|-weather|Sandstorm|[upkeep]
|upkeep
|
|switch|p1a: Excalibur|Aegislash, F|100/100
|turn|16
|
|switch|p2a: wall-e|Toxapex, M, shiny|97/100
|-damage|p2a: wall-e|84/100|[from] Spikes
|-damage|p2a: wall-e|72/100|[from] Stealth Rock
|-formechange|p1a: Excalibur|Aegislash-Blade||[from] ability: Stance Change
|move|p1a: Excalibur|Flash Cannon|p2a: wall-e
|-resisted|p2a: wall-e
|-damage|p2a: wall-e|57/100
|
|-weather|Sandstorm|[upkeep]
|-damage|p2a: wall-e|51/100|[from] Sandstorm
|-heal|p2a: wall-e|57/100|[from] item: Black Sludge
|upkeep
|turn|17
|
|move|p1a: Excalibur|Shadow Ball|p2a: wall-e
|-damage|p2a: wall-e|28/100
|move|p2a: wall-e|Scald|p1a: Excalibur
|-damage|p1a: Excalibur|83/100
|
|-weather|none
|-heal|p2a: wall-e|34/100|[from] item: Black Sludge
|upkeep
|turn|18
|
|move|p1a: Excalibur|Shadow Ball|p2a: wall-e
|-damage|p2a: wall-e|1/100
|move|p2a: wall-e|Recover|p2a: wall-e
|-heal|p2a: wall-e|51/100
|
|-heal|p2a: wall-e|58/100|[from] item: Black Sludge
|upkeep
|turn|19
|
|switch|p1a: Ferrothorn|Ferrothorn, F|81/100
|move|p2a: wall-e|Scald|p1a: Ferrothorn
|-resisted|p1a: Ferrothorn
|-damage|p1a: Ferrothorn|74/100
|
|-heal|p2a: wall-e|64/100|[from] item: Black Sludge
|-heal|p1a: Ferrothorn|80/100|[from] item: Leftovers
|upkeep
|turn|20
|
|switch|p2a: Excadrill|Excadrill, M|100/100
|-damage|p2a: Excadrill|97/100|[from] Stealth Rock
|-damage|p2a: Excadrill|85/100|[from] Spikes
|-ability|p2a: Excadrill|Mold Breaker
|move|p1a: Ferrothorn|Spikes|p2a: Excadrill
|-sidestart|p2: ronin0397|Spikes
|
|-heal|p1a: Ferrothorn|86/100|[from] item: Leftovers
|upkeep
|turn|21
|
|move|p2a: Excadrill|Earthquake|p1a: Ferrothorn
|-damage|p1a: Ferrothorn|56/100
|move|p1a: Ferrothorn|Knock Off|p2a: Excadrill
|-damage|p2a: Excadrill|54/100
|-enditem|p2a: Excadrill|Choice Scarf|[from] move: Knock Off|[of] p1a: Ferrothorn
|
|-heal|p1a: Ferrothorn|62/100|[from] item: Leftovers
|upkeep
|turn|22
|
|switch|p1a: Excalibur|Aegislash, F|83/100
|move|p2a: Excadrill|Rapid Spin|p1a: Excalibur
|-immune|p1a: Excalibur
|
|upkeep
|turn|23
|
|move|p2a: Excadrill|Earthquake|p1a: Excalibur
|-supereffective|p1a: Excalibur
|-damage|p1a: Excalibur|2/100
|-enditem|p1a: Excalibur|Weakness Policy
|-boost|p1a: Excalibur|atk|2
|-boost|p1a: Excalibur|spa|2
|-formechange|p1a: Excalibur|Aegislash-Blade||[from] ability: Stance Change
|move|p1a: Excalibur|Shadow Ball|p2a: Excadrill
|-damage|p2a: Excadrill|0 fnt
|faint|p2a: Excadrill
|
|upkeep
|
|switch|p2a: wall-e|Toxapex, M, shiny|97/100
|-damage|p2a: wall-e|85/100|[from] Stealth Rock
|-damage|p2a: wall-e|68/100|[from] Spikes
|turn|24
|
|move|p1a: Excalibur|Shadow Ball|p2a: wall-e
|-damage|p2a: wall-e|11/100
|-unboost|p2a: wall-e|spd|1
|move|p2a: wall-e|Scald|p1a: Excalibur
|-damage|p1a: Excalibur|0 fnt
|faint|p1a: Excalibur
|
|-heal|p2a: wall-e|17/100|[from] item: Black Sludge
|upkeep
|
|switch|p1a: Hydreigon|Hydreigon, M|100/100
|turn|25
|
|switch|p2a: leviathan|Gyarados, M, shiny|100/100
|-damage|p2a: leviathan|75/100|[from] Stealth Rock
|move|p1a: Hydreigon|Substitute|p1a: Hydreigon
|-start|p1a: Hydreigon|Substitute
|-damage|p1a: Hydreigon|76/100
|
|-heal|p1a: Hydreigon|82/100|[from] item: Leftovers
|upkeep
|turn|26
|
|move|p1a: Hydreigon|Dark Pulse|p2a: leviathan
|-damage|p2a: leviathan|36/100
|move|p2a: leviathan|Dragon Dance|p2a: leviathan
|-boost|p2a: leviathan|atk|1
|-boost|p2a: leviathan|spe|1
|
|-heal|p1a: Hydreigon|88/100|[from] item: Leftovers
|upkeep
|turn|27
|
|move|p2a: leviathan|Waterfall|p1a: Hydreigon
|-resisted|p1a: Hydreigon
|-end|p1a: Hydreigon|Substitute
|move|p1a: Hydreigon|Dark Pulse|p2a: leviathan
|-damage|p2a: leviathan|0 fnt
|faint|p2a: leviathan
|
|-heal|p1a: Hydreigon|94/100|[from] item: Leftovers
|upkeep
|
|switch|p2a: Cosmo|Clefable, M, shiny|32/100
|turn|28
|
|move|p1a: Hydreigon|Flash Cannon|p2a: Cosmo
|-supereffective|p2a: Cosmo
|-damage|p2a: Cosmo|0 fnt
|faint|p2a: Cosmo
|
|-heal|p1a: Hydreigon|99/100|[from] item: Leftovers
|upkeep
|-message|ronin0397 forfeited.
|
|win|Oruakuma
|l|☆ronin0397
|raw|Oruakuma's rating: 1409 → 1429(+20 for winning)
|raw|ronin0397's rating: 1405 → 1385(-20 for losing)
