|ScrapeTime|2020-01-02-02:10:57
|j|☆Ggggggggghg
|j|☆rotap
|player|p1|Ggggggggghg|1|1321
|player|p2|rotap|266|1368
|teamsize|p1|6
|teamsize|p2|6
|gametype|singles
|gen|8
|tier|[Gen 8] OU
|rated|
|rule|Sleep Clause Mod: Limit one foe put to sleep
|rule|Species Clause: Limit one of each Pokémon
|rule|OHKO Clause: OHKO moves are banned
|rule|Evasion Moves Clause: Evasion moves are banned
|rule|Endless Battle Clause: Forcing endless battles is banned
|rule|HP Percentage Mod: HP is shown in percentages
|clearpoke
|poke|p1|Whimsicott, M|
|poke|p1|Excadrill, M|
|poke|p1|Dragapult, F|
|poke|p1|Haxorus, M|
|poke|p1|Gengar, M|
|poke|p1|Toxicroak, M|
|poke|p2|Rotom-Mow|
|poke|p2|Dracovish|
|poke|p2|Cinderace, F|
|poke|p2|Seismitoad, F|
|poke|p2|Clefable, F|
|poke|p2|Hydreigon, F|
|rule|Dynamax Clause: You cannot dynamax
|teampreview
|inactive|Battle timer is ON: inactive players will automatically lose when time's up. (requested by Ggggggggghg)
|
|start
|switch|p1a: Whimsicott|Whimsicott, M|100/100
|switch|p2a: Rotom|Rotom-Mow|100/100
|turn|1
|
|switch|p2a: Cinderace|Cinderace, F|100/100
|move|p1a: Whimsicott|U-turn|p2a: Cinderace
|-resisted|p2a: Cinderace
|-damage|p2a: Cinderace|93/100
|
|switch|p1a: Excadrill|Excadrill, M|100/100|[from]move: U-turn
|-ability|p1a: Excadrill|Mold Breaker
|
|upkeep
|turn|2
|
|switch|p2a: Rotom|Rotom-Mow|100/100
|move|p1a: Excadrill|Earthquake|p2a: Rotom
|-crit|p2a: Rotom
|-damage|p2a: Rotom|4/100
|
|-heal|p2a: Rotom|10/100|[from] item: Leftovers
|upkeep
|turn|3
|
|switch|p2a: Seismitoad|Seismitoad, F|100/100
|move|p1a: Excadrill|Earthquake|p2a: Seismitoad
|-damage|p2a: Seismitoad|59/100
|
|-heal|p2a: Seismitoad|65/100|[from] item: Leftovers
|upkeep
|turn|4
|
|switch|p1a: Whimsicott|Whimsicott, M|100/100
|move|p2a: Seismitoad|Scald|p1a: Whimsicott
|-resisted|p1a: Whimsicott
|-damage|p1a: Whimsicott|84/100
|
|-heal|p2a: Seismitoad|71/100|[from] item: Leftovers
|upkeep
|turn|5
|
|switch|p2a: Cinderace|Cinderace, F|93/100
|move|p1a: Whimsicott|U-turn|p2a: Cinderace
|-resisted|p2a: Cinderace
|-damage|p2a: Cinderace|86/100
|
|switch|p1a: Excadrill|Excadrill, M|100/100|[from]move: U-turn
|-ability|p1a: Excadrill|Mold Breaker
|
|upkeep
|turn|6
|
|move|p1a: Excadrill|Earthquake|p2a: Cinderace
|-supereffective|p2a: Cinderace
|-damage|p2a: Cinderace|0 fnt
|faint|p2a: Cinderace
|
|upkeep
|
|switch|p2a: Dracovish|Dracovish|100/100
|turn|7
|
|switch|p1a: Toxicroak|Toxicroak, M|100/100
|switch|p2a: Seismitoad|Seismitoad, F|71/100
|
|-heal|p2a: Seismitoad|77/100|[from] item: Leftovers
|upkeep
|turn|8
|
|switch|p1a: Whimsicott|Whimsicott, M|84/100
|move|p2a: Seismitoad|Stealth Rock|p1a: Whimsicott
|-sidestart|p1: Ggggggggghg|move: Stealth Rock
|
|-heal|p2a: Seismitoad|83/100|[from] item: Leftovers
|upkeep
|turn|9
|
|move|p1a: Whimsicott|Moonblast|p2a: Seismitoad
|-damage|p2a: Seismitoad|43/100
|move|p2a: Seismitoad|Scald|p1a: Whimsicott
|-resisted|p1a: Whimsicott
|-damage|p1a: Whimsicott|67/100
|
|-heal|p2a: Seismitoad|49/100|[from] item: Leftovers
|upkeep
|turn|10
|
|switch|p2a: Clefable|Clefable, F|100/100
|move|p1a: Whimsicott|Moonblast|p2a: Clefable
|-damage|p2a: Clefable|76/100
|
|-heal|p2a: Clefable|82/100|[from] item: Leftovers
|upkeep
|turn|11
|
|move|p1a: Whimsicott|Stun Spore|p2a: Clefable
|-status|p2a: Clefable|par
|cant|p2a: Clefable|par
|
|-heal|p2a: Clefable|88/100 par|[from] item: Leftovers
|upkeep
|turn|12
|
|move|p1a: Whimsicott|U-turn|p2a: Clefable
|-resisted|p2a: Clefable
|-damage|p2a: Clefable|82/100 par
|
|switch|p1a: Excadrill|Excadrill, M|100/100|[from]move: U-turn
|-damage|p1a: Excadrill|97/100|[from] Stealth Rock
|-ability|p1a: Excadrill|Mold Breaker
|cant|p2a: Clefable|par
|
|-heal|p2a: Clefable|89/100 par|[from] item: Leftovers
|upkeep
|turn|13
|
|switch|p2a: Seismitoad|Seismitoad, F|49/100
|move|p1a: Excadrill|Earthquake|p2a: Seismitoad
|-damage|p2a: Seismitoad|8/100
|
|-heal|p2a: Seismitoad|14/100|[from] item: Leftovers
|upkeep
|turn|14
|
|switch|p2a: Rotom|Rotom-Mow|10/100
|move|p1a: Excadrill|Earthquake|p2a: Rotom
|-damage|p2a: Rotom|0 fnt
|faint|p2a: Rotom
|
|upkeep
|
|switch|p2a: Dracovish|Dracovish|100/100
|turn|15
|
|switch|p1a: Toxicroak|Toxicroak, M|100/100
|-damage|p1a: Toxicroak|94/100|[from] Stealth Rock
|move|p2a: Dracovish|Fishious Rend|p1a: Toxicroak
|-heal|p1a: Toxicroak|100/100|[from] ability: Dry Skin|[of] p2a: Dracovish
|
|upkeep
|turn|16
|-message|rotap forfeited.
|
|win|Ggggggggghg
|l|☆rotap
|raw|Ggggggggghg's rating: 1321 → 1343(+22 for winning)
|raw|rotap's rating: 1368 → 1346(-22 for losing)
