|ScrapeTime|2020-01-02-08:25:54
|j|☆malk gen 8
|j|☆IthinkI'm
|player|p1|malk gen 8|265|1762
|player|p2|IthinkI'm|pokemonbreeder|1887
|teamsize|p1|6
|teamsize|p2|6
|gametype|singles
|gen|8
|tier|[Gen 8] OU
|rated|
|rule|Sleep Clause Mod: Limit one foe put to sleep
|rule|Species Clause: Limit one of each Pokémon
|rule|OHKO Clause: OHKO moves are banned
|rule|Evasion Moves Clause: Evasion moves are banned
|rule|Endless Battle Clause: Forcing endless battles is banned
|rule|HP Percentage Mod: HP is shown in percentages
|clearpoke
|poke|p1|Grimmsnarl, M|
|poke|p1|Ferrothorn, F|
|poke|p1|Gallade, M|
|poke|p1|Dracovish|
|poke|p1|Excadrill, F|
|poke|p1|Rotom-Mow|
|poke|p2|Cloyster, M|
|poke|p2|Mimikyu, F|
|poke|p2|Bisharp, M|
|poke|p2|Rhyperior, M|
|poke|p2|Conkeldurr, M|
|poke|p2|Excadrill, M|
|rule|Dynamax Clause: You cannot dynamax
|teampreview
|j| Starplatinum01
|j| Narmanitan
|inactive|Battle timer is ON: inactive players will automatically lose when time's up. (requested by IthinkI'm)
|j| DOM3NICO3
|
|start
|switch|p1a: Rotom|Rotom-Mow|100/100
|switch|p2a: Mimikyu|Mimikyu, F|100/100
|turn|1
|c| Narmanitan|hey wheres your power trip bird
|
|move|p1a: Rotom|Discharge|p2a: Mimikyu
|-activate|p2a: Mimikyu|ability: Disguise
|-damage|p2a: Mimikyu|100/100
|detailschange|p2a: Mimikyu|Mimikyu-Busted, F
|-damage|p2a: Mimikyu|88/100|[from] ability: Disguise|[of] p2a: Mimikyu
|move|p2a: Mimikyu|Swords Dance|p2a: Mimikyu
|-boost|p2a: Mimikyu|atk|2
|
|upkeep
|turn|2
|
|move|p2a: Mimikyu|Shadow Sneak|p1a: Rotom
|-damage|p1a: Rotom|57/100
|move|p1a: Rotom|Leaf Storm|p2a: Mimikyu
|-damage|p2a: Mimikyu|7/100
|-unboost|p1a: Rotom|spa|2
|
|-heal|p1a: Rotom|63/100|[from] item: Leftovers
|upkeep
|turn|3
|
|move|p1a: Rotom|Discharge|p2a: Mimikyu
|-damage|p2a: Mimikyu|0 fnt
|faint|p2a: Mimikyu
|
|-heal|p1a: Rotom|69/100|[from] item: Leftovers
|upkeep
|
|switch|p2a: Rhyperior|Rhyperior, M|100/100
|turn|4
|
|move|p1a: Rotom|Nasty Plot|p1a: Rotom
|-boost|p1a: Rotom|spa|2
|move|p2a: Rhyperior|Stealth Rock|p1a: Rotom
|-sidestart|p1: malk gen 8|move: Stealth Rock
|
|-heal|p1a: Rotom|75/100|[from] item: Leftovers
|upkeep
|turn|5
|
|switch|p2a: Conkeldurr|Conkeldurr, M|100/100
|move|p1a: Rotom|Nasty Plot|p1a: Rotom
|-boost|p1a: Rotom|spa|2
|
|-heal|p1a: Rotom|81/100|[from] item: Leftovers
|upkeep
|turn|6
|
|move|p1a: Rotom|Leaf Storm|p2a: Conkeldurr
|-damage|p2a: Conkeldurr|4/100
|-unboost|p1a: Rotom|spa|2
|move|p2a: Conkeldurr|Drain Punch|p1a: Rotom
|-damage|p1a: Rotom|18/100
|-heal|p2a: Conkeldurr|26/100|[from] drain|[of] p1a: Rotom
|
|-heal|p1a: Rotom|24/100|[from] item: Leftovers
|upkeep
|turn|7
|
|move|p2a: Conkeldurr|Mach Punch|p1a: Rotom
|-damage|p1a: Rotom|0 fnt
|faint|p1a: Rotom
|
|upkeep
|
|switch|p1a: Gallade|Gallade, M|100/100
|-damage|p1a: Gallade|94/100|[from] Stealth Rock
|turn|8
|
|move|p1a: Gallade|Zen Headbutt|p2a: Conkeldurr
|-supereffective|p2a: Conkeldurr
|-damage|p2a: Conkeldurr|0 fnt
|faint|p2a: Conkeldurr
|
|upkeep
|
|switch|p2a: Rhyperior|Rhyperior, M|100/100
|turn|9
|
|switch|p1a: Dracovish|Dracovish|100/100
|-damage|p1a: Dracovish|88/100|[from] Stealth Rock
|move|p2a: Rhyperior|Iron Defense|p2a: Rhyperior
|-boost|p2a: Rhyperior|def|2
|
|upkeep
|turn|10
|
|move|p1a: Dracovish|Fishious Rend|p2a: Rhyperior
|-supereffective|p2a: Rhyperior
|-damage|p2a: Rhyperior|25/100
|move|p2a: Rhyperior|Body Press|p1a: Dracovish
|-damage|p1a: Dracovish|24/100
|
|-heal|p2a: Rhyperior|31/100|[from] item: Leftovers
|upkeep
|turn|11
|
|move|p1a: Dracovish|Fishious Rend|p2a: Rhyperior
|-supereffective|p2a: Rhyperior
|-damage|p2a: Rhyperior|0 fnt
|faint|p2a: Rhyperior
|
|upkeep
|
|switch|p2a: Cloyster|Cloyster, M|100/100
|turn|12
|
|switch|p1a: Grimmsnarl|Grimmsnarl, M|100/100
|-damage|p1a: Grimmsnarl|88/100|[from] Stealth Rock
|move|p2a: Cloyster|Shell Smash|p2a: Cloyster
|-unboost|p2a: Cloyster|def|1
|-unboost|p2a: Cloyster|spd|1
|-boost|p2a: Cloyster|atk|2
|-boost|p2a: Cloyster|spa|2
|-boost|p2a: Cloyster|spe|2
|
|-heal|p1a: Grimmsnarl|94/100|[from] item: Leftovers
|upkeep
|turn|13
|
|move|p1a: Grimmsnarl|Thunder Wave|p2a: Cloyster|[miss]
|-miss|p1a: Grimmsnarl|p2a: Cloyster
|move|p2a: Cloyster|Icicle Spear|p1a: Grimmsnarl
|-damage|p1a: Grimmsnarl|65/100
|-damage|p1a: Grimmsnarl|34/100
|-damage|p1a: Grimmsnarl|3/100
|-damage|p1a: Grimmsnarl|0 fnt
|-hitcount|p1a: Grimmsnarl|4
|faint|p1a: Grimmsnarl
|
|upkeep
|
|switch|p1a: Ferrothorn|Ferrothorn, F|100/100
|-damage|p1a: Ferrothorn|95/100|[from] Stealth Rock
|turn|14
|
|move|p2a: Cloyster|Icicle Spear|p1a: Ferrothorn
|-damage|p1a: Ferrothorn|81/100
|-damage|p1a: Ferrothorn|67/100
|-damage|p1a: Ferrothorn|53/100
|-damage|p1a: Ferrothorn|40/100
|-damage|p1a: Ferrothorn|26/100
|-hitcount|p1a: Ferrothorn|5
|move|p1a: Ferrothorn|Leech Seed|p2a: Cloyster
|-start|p2a: Cloyster|move: Leech Seed
|
|-damage|p2a: Cloyster|88/100|[from] Leech Seed|[of] p1a: Ferrothorn
|-heal|p1a: Ferrothorn|34/100|[silent]
|upkeep
|turn|15
|
|move|p1a: Ferrothorn|Protect|p1a: Ferrothorn
|-singleturn|p1a: Ferrothorn|Protect
|move|p2a: Cloyster|Icicle Spear|p1a: Ferrothorn
|-activate|p1a: Ferrothorn|move: Protect
|
|-damage|p2a: Cloyster|76/100|[from] Leech Seed|[of] p1a: Ferrothorn
|-heal|p1a: Ferrothorn|43/100|[silent]
|upkeep
|turn|16
|j| Dugtriostan
|
|switch|p1a: Dracovish|Dracovish|24/100
|-damage|p1a: Dracovish|11/100|[from] Stealth Rock
|move|p2a: Cloyster|Icicle Spear|p1a: Dracovish
|-damage|p1a: Dracovish|0 fnt
|-hitcount|p1a: Dracovish|1
|faint|p1a: Dracovish
|
|upkeep
|
|switch|p1a: Ferrothorn|Ferrothorn, F|43/100
|-damage|p1a: Ferrothorn|37/100|[from] Stealth Rock
|turn|17
|c| Narmanitan|my jigga really
|
|move|p2a: Cloyster|Icicle Spear|p1a: Ferrothorn
|-damage|p1a: Ferrothorn|24/100
|-damage|p1a: Ferrothorn|10/100
|-damage|p1a: Ferrothorn|0 fnt
|-hitcount|p1a: Ferrothorn|3
|faint|p1a: Ferrothorn
|
|upkeep
|c| Narmanitan|is gonna try that
|
|switch|p1a: Excadrill|Excadrill, F|100/100
|-damage|p1a: Excadrill|97/100|[from] Stealth Rock
|-ability|p1a: Excadrill|Mold Breaker
|turn|18
|c| Narmanitan|pathetic
|
|move|p2a: Cloyster|Icicle Spear|p1a: Excadrill
|-damage|p1a: Excadrill|66/100
|-damage|p1a: Excadrill|30/100
|-damage|p1a: Excadrill|0 fnt
|-hitcount|p1a: Excadrill|3
|faint|p1a: Excadrill
|
|upkeep
|
|switch|p1a: Gallade|Gallade, M|94/100
|-damage|p1a: Gallade|88/100|[from] Stealth Rock
|turn|19
|c|☆IthinkI'm|noob
|
|move|p2a: Cloyster|Icicle Spear|p1a: Gallade
|-damage|p1a: Gallade|49/100
|-damage|p1a: Gallade|7/100
|-damage|p1a: Gallade|0 fnt
|-hitcount|p1a: Gallade|3
|faint|p1a: Gallade
|
|win|IthinkI'm
|c| Narmanitan|malk werent you good once?
|raw|malk gen 8's rating: 1762 → 1749(-13 for losing)
|raw|IthinkI'm's rating: 1887 → 1900(+13 for winning)
