|ScrapeTime|2020-01-02-23:17:49
|j|☆XxTitouanBGxX
|j|☆crv
|player|p1|XxTitouanBGxX|pokemaniac|1094
|player|p2|crv|gentleman-gen4|1110
|teamsize|p1|6
|teamsize|p2|6
|gametype|singles
|gen|8
|tier|[Gen 8] OU
|rated|
|rule|Sleep Clause Mod: Limit one foe put to sleep
|rule|Species Clause: Limit one of each Pokémon
|rule|OHKO Clause: OHKO moves are banned
|rule|Evasion Moves Clause: Evasion moves are banned
|rule|Endless Battle Clause: Forcing endless battles is banned
|rule|HP Percentage Mod: HP is shown in percentages
|clearpoke
|poke|p1|Pelipper, F|
|poke|p1|Barraskewda, M|
|poke|p1|Ferrothorn, F|
|poke|p1|Dracovish|
|poke|p1|Grimmsnarl, M|
|poke|p1|Ditto|
|poke|p2|Mr. Rime, F|
|poke|p2|Clefable, M|
|poke|p2|Aegislash, F|
|poke|p2|Charizard, M|
|poke|p2|Boltund, M|
|poke|p2|Ditto|
|rule|Dynamax Clause: You cannot dynamax
|teampreview
|inactive|Battle timer is ON: inactive players will automatically lose when time's up. (requested by XxTitouanBGxX)
|
|start
|switch|p1a: Pelipper|Pelipper, F|100/100
|switch|p2a: Boltund|Boltund, M|100/100
|-weather|RainDance|[from] ability: Drizzle|[of] p1a: Pelipper
|turn|1
|
|switch|p1a: Ferrothorn|Ferrothorn, F, shiny|100/100
|move|p2a: Boltund|Volt Switch|p1a: Ferrothorn
|-resisted|p1a: Ferrothorn
|-damage|p1a: Ferrothorn|83/100
|
|switch|p2a: Clefable|Clefable, M|100/100|[from]move: Volt Switch
|
|-weather|RainDance|[upkeep]
|-heal|p1a: Ferrothorn|89/100|[from] item: Leftovers
|upkeep
|turn|2
|
|switch|p1a: Pelipper|Pelipper, F|100/100
|move|p2a: Clefable|Fire Blast|p1a: Pelipper
|-resisted|p1a: Pelipper
|-damage|p1a: Pelipper|85/100
|
|-weather|RainDance|[upkeep]
|upkeep
|turn|3
|
|move|p1a: Pelipper|Hurricane|p2a: Clefable
|-damage|p2a: Clefable|65/100
|move|p2a: Clefable|Calm Mind|p2a: Clefable
|-boost|p2a: Clefable|spa|1
|-boost|p2a: Clefable|spd|1
|
|-weather|RainDance|[upkeep]
|upkeep
|turn|4
|
|move|p1a: Pelipper|Hurricane|p2a: Clefable
|-damage|p2a: Clefable|44/100
|move|p2a: Clefable|Thunderbolt|p1a: Pelipper
|-supereffective|p1a: Pelipper
|-damage|p1a: Pelipper|0 fnt
|faint|p1a: Pelipper
|
|-weather|RainDance|[upkeep]
|upkeep
|
|switch|p1a: Barraskewda|Barraskewda, M|100/100
|turn|5
|
|switch|p2a: Aegislash|Aegislash, F|100/100
|move|p1a: Barraskewda|Liquidation|p2a: Aegislash
|-damage|p2a: Aegislash|5/100
|-damage|p1a: Barraskewda|91/100|[from] item: Life Orb
|
|-weather|RainDance|[upkeep]
|upkeep
|turn|6
|
|move|p1a: Barraskewda|Aqua Jet|p2a: Aegislash
|-damage|p2a: Aegislash|0 fnt
|-damage|p1a: Barraskewda|81/100|[from] item: Life Orb
|faint|p2a: Aegislash
|
|-weather|RainDance|[upkeep]
|upkeep
|
|switch|p2a: Ditto|Ditto|100/100
|-transform|p2a: Ditto|p1a: Barraskewda|[from] ability: Imposter
|turn|7
|
|switch|p1a: Ferrothorn|Ferrothorn, F, shiny|89/100
|move|p2a: Ditto|Liquidation|p1a: Ferrothorn
|-resisted|p1a: Ferrothorn
|-damage|p1a: Ferrothorn|69/100
|-damage|p2a: Ditto|88/100|[from] ability: Iron Barbs|[of] p1a: Ferrothorn
|
|-weather|RainDance|[upkeep]
|-heal|p1a: Ferrothorn|75/100|[from] item: Leftovers
|upkeep
|turn|8
|
|move|p2a: Ditto|Liquidation|p1a: Ferrothorn
|-resisted|p1a: Ferrothorn
|-damage|p1a: Ferrothorn|56/100
|-damage|p2a: Ditto|76/100|[from] ability: Iron Barbs|[of] p1a: Ferrothorn
|move|p1a: Ferrothorn|Power Whip|p2a: Ditto
|-supereffective|p2a: Ditto
|-damage|p2a: Ditto|0 fnt
|faint|p2a: Ditto
|
|-weather|none
|-heal|p1a: Ferrothorn|62/100|[from] item: Leftovers
|upkeep
|
|switch|p2a: Charizard|Charizard, M|100/100
|turn|9
|
|switch|p1a: Dracovish|Dracovish|100/100
|move|p2a: Charizard|Fire Blast|p1a: Dracovish|[miss]
|-miss|p2a: Charizard|p1a: Dracovish
|
|upkeep
|turn|10
|
|switch|p2a: Clefable|Clefable, M|44/100
|move|p1a: Dracovish|Fishious Rend|p2a: Clefable
|-damage|p2a: Clefable|0 fnt
|faint|p2a: Clefable
|
|upkeep
|
|switch|p2a: Boltund|Boltund, M|100/100
|turn|11
|
|move|p2a: Boltund|Volt Switch|p1a: Dracovish
|-damage|p1a: Dracovish|48/100
|
|switch|p2a: Mr. Rime|Mr. Rime, F|100/100|[from]move: Volt Switch
|move|p1a: Dracovish|Fishious Rend|p2a: Mr. Rime
|-damage|p2a: Mr. Rime|0 fnt
|faint|p2a: Mr. Rime
|
|upkeep
|
|switch|p2a: Boltund|Boltund, M|100/100
|turn|12
|
|switch|p1a: Ferrothorn|Ferrothorn, F, shiny|62/100
|move|p2a: Boltund|Thunderbolt|p1a: Ferrothorn
|-resisted|p1a: Ferrothorn
|-damage|p1a: Ferrothorn|38/100
|
|-heal|p1a: Ferrothorn|44/100|[from] item: Leftovers
|upkeep
|turn|13
|
|move|p2a: Boltund|Thunderbolt|p1a: Ferrothorn
|-resisted|p1a: Ferrothorn
|-damage|p1a: Ferrothorn|22/100
|move|p1a: Ferrothorn|Leech Seed|p2a: Boltund
|-start|p2a: Boltund|move: Leech Seed
|
|-heal|p1a: Ferrothorn|28/100|[from] item: Leftovers
|-damage|p2a: Boltund|88/100|[from] Leech Seed|[of] p1a: Ferrothorn
|-heal|p1a: Ferrothorn|38/100|[silent]
|upkeep
|turn|14
|
|switch|p2a: Charizard|Charizard, M|100/100
|move|p1a: Ferrothorn|Knock Off|p2a: Charizard
|-damage|p2a: Charizard|70/100
|-enditem|p2a: Charizard|Choice Scarf|[from] move: Knock Off|[of] p1a: Ferrothorn
|
|-heal|p1a: Ferrothorn|44/100|[from] item: Leftovers
|upkeep
|turn|15
|
|switch|p1a: Dracovish|Dracovish|48/100
|move|p2a: Charizard|Air Slash|p1a: Dracovish
|-damage|p1a: Dracovish|8/100
|
|upkeep
|turn|16
|
|move|p2a: Charizard|Air Slash|p1a: Dracovish
|-damage|p1a: Dracovish|0 fnt
|faint|p1a: Dracovish
|
|upkeep
|
|switch|p1a: Barraskewda|Barraskewda, M|81/100
|turn|17
|
|move|p1a: Barraskewda|Liquidation|p2a: Charizard
|-supereffective|p2a: Charizard
|-damage|p2a: Charizard|0 fnt
|-damage|p1a: Barraskewda|71/100|[from] item: Life Orb
|faint|p2a: Charizard
|
|upkeep
|
|switch|p2a: Boltund|Boltund, M|88/100
|turn|18
|
|move|p2a: Boltund|Thunderbolt|p1a: Barraskewda
|-supereffective|p1a: Barraskewda
|-damage|p1a: Barraskewda|0 fnt
|faint|p1a: Barraskewda
|
|upkeep
|
|switch|p1a: Ditto|Ditto|100/100
|-transform|p1a: Ditto|p2a: Boltund|[from] ability: Imposter
|turn|19
|
|move|p1a: Ditto|Hyper Voice|p2a: Boltund
|-damage|p2a: Boltund|42/100
|move|p2a: Boltund|Thunderbolt|p1a: Ditto
|-resisted|p1a: Ditto
|-damage|p1a: Ditto|50/100
|
|upkeep
|turn|20
|
|move|p1a: Ditto|Hyper Voice|p2a: Boltund
|-damage|p2a: Boltund|0 fnt
|faint|p2a: Boltund
|
|win|XxTitouanBGxX
|l|☆crv
