|ScrapeTime|2020-01-01-05:35:35
|j|☆EviGaro
|j|☆imZaxel
|player|p1|EviGaro|lucy-gen3|1543
|player|p2|imZaxel|126|1409
|teamsize|p1|6
|teamsize|p2|6
|gametype|singles
|gen|8
|tier|[Gen 8] OU
|rated|
|rule|Sleep Clause Mod: Limit one foe put to sleep
|rule|Species Clause: Limit one of each Pokémon
|rule|OHKO Clause: OHKO moves are banned
|rule|Evasion Moves Clause: Evasion moves are banned
|rule|Endless Battle Clause: Forcing endless battles is banned
|rule|HP Percentage Mod: HP is shown in percentages
|clearpoke
|poke|p1|Obstagoon, M|
|poke|p1|Seismitoad, F|
|poke|p1|Ferrothorn, M|
|poke|p1|Corviknight, M|
|poke|p1|Arcanine, F|
|poke|p1|Hydreigon, F|
|poke|p2|Crawdaunt, M|
|poke|p2|Tyranitar, F|
|poke|p2|Rotom-Wash|
|poke|p2|Excadrill, M|
|poke|p2|Dragapult, F|
|poke|p2|Corviknight, F|
|rule|Dynamax Clause: You cannot dynamax
|teampreview
|inactive|Battle timer is ON: inactive players will automatically lose when time's up. (requested by EviGaro)
|inactive|imZaxel also wants the timer to be on.
|j|+Specs Jigglypuff
|
|start
|switch|p1a: Hydreigon|Hydreigon, F|100/100
|switch|p2a: Excadrill|Excadrill, M|100/100
|-ability|p2a: Excadrill|Mold Breaker
|turn|1
|
|move|p1a: Hydreigon|U-turn|p2a: Excadrill
|-resisted|p2a: Excadrill
|-damage|p2a: Excadrill|89/100
|
|switch|p1a: Corviknight|Corviknight, M|100/100|[from]move: U-turn
|-ability|p1a: Corviknight|Pressure
|move|p2a: Excadrill|Earthquake|p1a: Corviknight
|-immune|p1a: Corviknight
|
|upkeep
|turn|2
|
|switch|p2a: Rotom|Rotom-Wash|100/100
|switch|p1a: Seismitoad|Seismitoad, F|100/100
|
|upkeep
|turn|3
|
|move|p2a: Rotom|Will-O-Wisp|p1a: Seismitoad
|-status|p1a: Seismitoad|brn
|move|p1a: Seismitoad|Stealth Rock|p2a: Rotom
|-sidestart|p2: imZaxel|move: Stealth Rock
|
|-damage|p1a: Seismitoad|94/100 brn|[from] brn
|upkeep
|turn|4
|
|switch|p2a: Corviknight|Corviknight, F|100/100
|-damage|p2a: Corviknight|88/100|[from] Stealth Rock
|move|p1a: Seismitoad|Scald|p2a: Corviknight
|-damage|p2a: Corviknight|68/100
|
|-heal|p2a: Corviknight|74/100|[from] item: Leftovers
|-heal|p1a: Seismitoad|100/100 brn|[from] item: Leftovers
|-damage|p1a: Seismitoad|94/100 brn|[from] brn
|upkeep
|turn|5
|
|move|p2a: Corviknight|Defog|p1a: Seismitoad
|-unboost|p1a: Seismitoad|evasion|1
|-sideend|p2: imZaxel|Stealth Rock|[from] move: Defog|[of] p2a: Corviknight
|move|p1a: Seismitoad|Scald|p2a: Corviknight
|-damage|p2a: Corviknight|54/100
|
|-heal|p2a: Corviknight|60/100|[from] item: Leftovers
|-heal|p1a: Seismitoad|100/100 brn|[from] item: Leftovers
|-damage|p1a: Seismitoad|94/100 brn|[from] brn
|upkeep
|turn|6
|
|move|p2a: Corviknight|U-turn|p1a: Seismitoad
|-damage|p1a: Seismitoad|85/100 brn
|
|switch|p2a: Crawdaunt|Crawdaunt, M|100/100|[from]move: U-turn
|move|p1a: Seismitoad|Stealth Rock|p2a: Crawdaunt
|-sidestart|p2: imZaxel|move: Stealth Rock
|
|-heal|p1a: Seismitoad|91/100 brn|[from] item: Leftovers
|-damage|p1a: Seismitoad|85/100 brn|[from] brn
|upkeep
|turn|7
|
|switch|p1a: Ferrothorn|Ferrothorn, M|100/100
|move|p2a: Crawdaunt|Knock Off|p1a: Ferrothorn
|-damage|p1a: Ferrothorn|32/100
|-damage|p2a: Crawdaunt|88/100|[from] ability: Iron Barbs|[of] p1a: Ferrothorn
|-enditem|p1a: Ferrothorn|Leftovers|[from] move: Knock Off|[of] p2a: Crawdaunt
|
|upkeep
|turn|8
|
|move|p2a: Crawdaunt|Knock Off|p1a: Ferrothorn
|-damage|p1a: Ferrothorn|0 fnt
|-damage|p2a: Crawdaunt|76/100|[from] ability: Iron Barbs|[of] p1a: Ferrothorn
|faint|p1a: Ferrothorn
|
|upkeep
|
|switch|p1a: Obstagoon|Obstagoon, M|100/100
|turn|9
|j| MiLeYosh
|
|move|p1a: Obstagoon|Obstruct|p1a: Obstagoon
|-singleturn|p1a: Obstagoon|Protect
|move|p2a: Crawdaunt|Knock Off|p1a: Obstagoon
|-activate|p1a: Obstagoon|move: Protect
|-unboost|p2a: Crawdaunt|def|2
|
|-status|p1a: Obstagoon|brn|[from] item: Flame Orb
|upkeep
|turn|10
|inactive|imZaxel has 120 seconds left.
|c| MiLeYosh|obstagooned on
|
|switch|p2a: Corviknight|Corviknight, F|60/100
|-damage|p2a: Corviknight|48/100|[from] Stealth Rock
|move|p1a: Obstagoon|Knock Off|p2a: Corviknight
|-damage|p2a: Corviknight|0 fnt
|-enditem|p2a: Corviknight|Leftovers|[from] move: Knock Off|[of] p1a: Obstagoon
|faint|p2a: Corviknight
|
|-damage|p1a: Obstagoon|94/100 brn|[from] brn
|upkeep
|
|switch|p2a: Dragapult|Dragapult, F|100/100
|-damage|p2a: Dragapult|88/100|[from] Stealth Rock
|turn|11
|
|move|p1a: Obstagoon|Obstruct|p1a: Obstagoon
|-singleturn|p1a: Obstagoon|Protect
|move|p2a: Dragapult|U-turn|p1a: Obstagoon
|-activate|p1a: Obstagoon|move: Protect
|-fail|p2a: Dragapult|unboost|[from] ability: Clear Body|[of] p2a: Dragapult
|
|-damage|p1a: Obstagoon|88/100 brn|[from] brn
|upkeep
|turn|12
|
|move|p2a: Dragapult|U-turn|p1a: Obstagoon
|-supereffective|p1a: Obstagoon
|-damage|p1a: Obstagoon|53/100 brn
|inactive|imZaxel has 90 seconds left.
|
|switch|p2a: Rotom|Rotom-Wash|100/100|[from]move: U-turn
|-damage|p2a: Rotom|88/100|[from] Stealth Rock
|move|p1a: Obstagoon|Facade|p2a: Rotom
|-damage|p2a: Rotom|20/100
|
|-heal|p2a: Rotom|26/100|[from] item: Leftovers
|-damage|p1a: Obstagoon|47/100 brn|[from] brn
|upkeep
|turn|13
|
|move|p1a: Obstagoon|Close Combat|p2a: Rotom
|-damage|p2a: Rotom|0 fnt
|-unboost|p1a: Obstagoon|def|1
|-unboost|p1a: Obstagoon|spd|1
|faint|p2a: Rotom
|
|-damage|p1a: Obstagoon|41/100 brn|[from] brn
|upkeep
|
|switch|p2a: Crawdaunt|Crawdaunt, M|76/100
|-damage|p2a: Crawdaunt|63/100|[from] Stealth Rock
|turn|14
|
|move|p1a: Obstagoon|Obstruct|p1a: Obstagoon
|-singleturn|p1a: Obstagoon|Protect
|move|p2a: Crawdaunt|Knock Off|p1a: Obstagoon
|-activate|p1a: Obstagoon|move: Protect
|-unboost|p2a: Crawdaunt|def|2
|
|-damage|p1a: Obstagoon|35/100 brn|[from] brn
|upkeep
|turn|15
|inactive|imZaxel has 90 seconds left.
|
|switch|p2a: Excadrill|Excadrill, M|89/100
|-damage|p2a: Excadrill|86/100|[from] Stealth Rock
|-ability|p2a: Excadrill|Mold Breaker
|move|p1a: Obstagoon|Facade|p2a: Excadrill
|-resisted|p2a: Excadrill
|-damage|p2a: Excadrill|24/100
|
|-damage|p1a: Obstagoon|29/100 brn|[from] brn
|upkeep
|turn|16
|inactive|imZaxel has 90 seconds left.
|inactive|EviGaro has 120 seconds left.
|
|switch|p2a: Dragapult|Dragapult, F|88/100
|-damage|p2a: Dragapult|76/100|[from] Stealth Rock
|move|p1a: Obstagoon|Facade|p2a: Dragapult
|-immune|p2a: Dragapult
|
|-damage|p1a: Obstagoon|23/100 brn|[from] brn
|upkeep
|turn|17
|inactive|EviGaro has 120 seconds left.
|inactive|imZaxel has 90 seconds left.
|
|switch|p1a: Corviknight|Corviknight, M|100/100
|-ability|p1a: Corviknight|Pressure
|move|p2a: Dragapult|U-turn|p1a: Corviknight
|-resisted|p1a: Corviknight
|-crit|p1a: Corviknight
|-damage|p1a: Corviknight|96/100
|inactive|imZaxel has 90 seconds left.
|
|switch|p2a: Crawdaunt|Crawdaunt, M|63/100|[from]move: U-turn
|-damage|p2a: Crawdaunt|51/100|[from] Stealth Rock
|
|-heal|p1a: Corviknight|100/100|[from] item: Leftovers
|upkeep
|turn|18
|inactive|EviGaro has 120 seconds left.
|
|move|p1a: Corviknight|Brave Bird|p2a: Crawdaunt
|-damage|p2a: Crawdaunt|0 fnt
|-damage|p1a: Corviknight|89/100|[from] Recoil
|faint|p2a: Crawdaunt
|
|-heal|p1a: Corviknight|95/100|[from] item: Leftovers
|upkeep
|
|switch|p2a: Tyranitar|Tyranitar, F|100/100
|-damage|p2a: Tyranitar|88/100|[from] Stealth Rock
|-weather|Sandstorm|[from] ability: Sand Stream|[of] p2a: Tyranitar
|turn|19
|inactive|EviGaro has 120 seconds left.
|inactive|EviGaro has 90 seconds left.
|inactive|EviGaro has 60 seconds left.
|
|switch|p1a: Seismitoad|Seismitoad, F|85/100 brn
|move|p2a: Tyranitar|Stone Edge|p1a: Seismitoad
|-resisted|p1a: Seismitoad
|-damage|p1a: Seismitoad|55/100 brn
|
|-weather|Sandstorm|[upkeep]
|-heal|p1a: Seismitoad|61/100 brn|[from] item: Leftovers
|-damage|p1a: Seismitoad|55/100 brn|[from] brn
|upkeep
|turn|20
|
|move|p2a: Tyranitar|Stone Edge|p1a: Seismitoad
|-resisted|p1a: Seismitoad
|-damage|p1a: Seismitoad|23/100 brn
|move|p1a: Seismitoad|Scald|p2a: Tyranitar
|-supereffective|p2a: Tyranitar
|-damage|p2a: Tyranitar|58/100
|
|-weather|Sandstorm|[upkeep]
|-heal|p1a: Seismitoad|29/100 brn|[from] item: Leftovers
|-damage|p1a: Seismitoad|23/100 brn|[from] brn
|upkeep
|turn|21
|inactive|EviGaro has 60 seconds left.
|inactive|EviGaro has 30 seconds left.
|inactive|EviGaro has 20 seconds left.
|inactive|EviGaro has 15 seconds left.
|
|move|p2a: Tyranitar|Stone Edge|p1a: Seismitoad
|-resisted|p1a: Seismitoad
|-crit|p1a: Seismitoad
|-damage|p1a: Seismitoad|0 fnt
|faint|p1a: Seismitoad
|
|-weather|Sandstorm|[upkeep]
|upkeep
|inactive|EviGaro has 20 seconds left this turn.
|
|switch|p1a: Obstagoon|Obstagoon, M|23/100 brn
|turn|22
|inactive|EviGaro has 30 seconds left this turn.
|inactive|imZaxel has 120 seconds left.
|
|move|p1a: Obstagoon|Close Combat|p2a: Tyranitar
|-supereffective|p2a: Tyranitar
|-damage|p2a: Tyranitar|0 fnt
|-unboost|p1a: Obstagoon|def|1
|-unboost|p1a: Obstagoon|spd|1
|faint|p2a: Tyranitar
|
|-weather|Sandstorm|[upkeep]
|-damage|p1a: Obstagoon|17/100 brn|[from] Sandstorm
|-damage|p1a: Obstagoon|11/100 brn|[from] brn
|upkeep
|
|switch|p2a: Dragapult|Dragapult, F|76/100
|-damage|p2a: Dragapult|64/100|[from] Stealth Rock
|turn|23
|
|move|p2a: Dragapult|U-turn|p1a: Obstagoon
|-supereffective|p1a: Obstagoon
|-damage|p1a: Obstagoon|0 fnt
|faint|p1a: Obstagoon
|
|switch|p2a: Excadrill|Excadrill, M|24/100|[from]move: U-turn
|-damage|p2a: Excadrill|21/100|[from] Stealth Rock
|-ability|p2a: Excadrill|Mold Breaker
|
|-weather|none
|upkeep
|
|switch|p1a: Arcanine|Arcanine, F|100/100
|turn|24
|
|switch|p2a: Dragapult|Dragapult, F|64/100
|-damage|p2a: Dragapult|51/100|[from] Stealth Rock
|move|p1a: Arcanine|Flare Blitz|p2a: Dragapult
|-resisted|p2a: Dragapult
|-damage|p2a: Dragapult|14/100
|-damage|p1a: Arcanine|88/100|[from] Recoil
|
|upkeep
|turn|25
|
|move|p2a: Dragapult|Draco Meteor|p1a: Arcanine
|-damage|p1a: Arcanine|8/100
|-unboost|p2a: Dragapult|spa|2
|move|p1a: Arcanine|Flare Blitz|p2a: Dragapult
|-resisted|p2a: Dragapult
|-damage|p2a: Dragapult|0 fnt
|-damage|p1a: Arcanine|3/100|[from] Recoil
|faint|p2a: Dragapult
|
|upkeep
|j| kelly ㋛ kafka
|c|☆imZaxel|gg
|l|+Specs Jigglypuff
|l| kelly ㋛ kafka
|inactive|imZaxel has 120 seconds left.
|-message|imZaxel forfeited.
|
|win|EviGaro
|raw|EviGaro's rating: 1522 → 1536(+14 for winning)
|raw|imZaxel's rating: 1409 → 1396(-13 for losing)
