|ScrapeTime|2020-01-02-23:39:09
|j|☆raydx
|j|☆ebrisyl
|player|p1|raydx|wattson|1000
|player|p2|ebrisyl|silver|1000
|teamsize|p1|6
|teamsize|p2|6
|gametype|singles
|gen|8
|tier|[Gen 8] OU
|rated|
|rule|Sleep Clause Mod: Limit one foe put to sleep
|rule|Species Clause: Limit one of each Pokémon
|rule|OHKO Clause: OHKO moves are banned
|rule|Evasion Moves Clause: Evasion moves are banned
|rule|Endless Battle Clause: Forcing endless battles is banned
|rule|HP Percentage Mod: HP is shown in percentages
|clearpoke
|poke|p1|Pelipper, M|
|poke|p1|Barraskewda, M|
|poke|p1|Dracovish|
|poke|p1|Mew|
|poke|p1|Seismitoad, F|
|poke|p1|Ludicolo, M|
|poke|p2|Toxtricity, M|
|poke|p2|Corviknight, M|
|poke|p2|Seismitoad, M|
|poke|p2|Dracovish|
|poke|p2|Rotom-Heat|
|poke|p2|Grimmsnarl, M|
|rule|Dynamax Clause: You cannot dynamax
|teampreview
|
|start
|switch|p1a: Mew|Mew|100/100
|switch|p2a: Toxtricity|Toxtricity, M|100/100
|turn|1
|
|move|p1a: Mew|Stealth Rock|p2a: Toxtricity
|-sidestart|p2: ebrisyl|move: Stealth Rock
|move|p2a: Toxtricity|Boomburst|p1a: Mew
|-damage|p1a: Mew|28/100
|
|upkeep
|turn|2
|
|move|p1a: Mew|Spikes|p2a: Toxtricity
|-sidestart|p2: ebrisyl|Spikes
|move|p2a: Toxtricity|Boomburst|p1a: Mew
|-damage|p1a: Mew|0 fnt
|faint|p1a: Mew
|
|upkeep
|
|switch|p1a: Seismitoad|Seismitoad, F, shiny|100/100
|turn|3
|l|☆ebrisyl
|player|p2|
|j|☆ebrisyl
|player|p2|ebrisyl|silver
|
|move|p2a: Toxtricity|Boomburst|p1a: Seismitoad
|-damage|p1a: Seismitoad|15/100
|move|p1a: Seismitoad|Earthquake|p2a: Toxtricity
|-supereffective|p2a: Toxtricity
|-damage|p2a: Toxtricity|0 fnt
|faint|p2a: Toxtricity
|
|-heal|p1a: Seismitoad|21/100|[from] item: Leftovers
|upkeep
|
|switch|p2a: Corviknight|Corviknight, M|100/100
|-damage|p2a: Corviknight|88/100|[from] Stealth Rock
|-ability|p2a: Corviknight|Pressure
|turn|4
|
|move|p1a: Seismitoad|Drain Punch|p2a: Corviknight
|-damage|p2a: Corviknight|72/100
|-heal|p1a: Seismitoad|29/100|[from] drain|[of] p2a: Corviknight
|move|p2a: Corviknight|Defog|p1a: Seismitoad
|-unboost|p1a: Seismitoad|evasion|1
|-sideend|p2: ebrisyl|Spikes|[from] move: Defog|[of] p2a: Corviknight
|-sideend|p2: ebrisyl|Stealth Rock|[from] move: Defog|[of] p2a: Corviknight
|
|-heal|p1a: Seismitoad|35/100|[from] item: Leftovers
|-heal|p2a: Corviknight|78/100|[from] item: Leftovers
|upkeep
|turn|5
|
|move|p1a: Seismitoad|Liquidation|p2a: Corviknight
|-damage|p2a: Corviknight|51/100
|move|p2a: Corviknight|Brave Bird|p1a: Seismitoad
|-damage|p1a: Seismitoad|0 fnt
|-damage|p2a: Corviknight|39/100|[from] Recoil
|faint|p1a: Seismitoad
|
|-heal|p2a: Corviknight|45/100|[from] item: Leftovers
|upkeep
|
|switch|p1a: Barraskewda|Barraskewda, M|100/100
|turn|6
|
|move|p1a: Barraskewda|Liquidation|p2a: Corviknight
|-damage|p2a: Corviknight|0 fnt
|faint|p2a: Corviknight
|
|upkeep
|
|switch|p2a: Seismitoad|Seismitoad, M, shiny|100/100
|turn|7
|
|switch|p1a: Pelipper|Pelipper, M|100/100
|-weather|RainDance|[from] ability: Drizzle|[of] p1a: Pelipper
|move|p2a: Seismitoad|Stealth Rock|p1a: Pelipper
|-sidestart|p1: raydx|move: Stealth Rock
|
|-weather|RainDance|[upkeep]
|upkeep
|turn|8
|
|switch|p2a: Rotom|Rotom-Heat, shiny|100/100
|switch|p1a: Ludicolo|Ludicolo, M, shiny|100/100
|-damage|p1a: Ludicolo|88/100|[from] Stealth Rock
|
|-weather|RainDance|[upkeep]
|upkeep
|turn|9
|
|switch|p2a: Grimmsnarl|Grimmsnarl, M|100/100
|-item|p1a: Ludicolo|Life Orb|[from] ability: Frisk|[of] p2a: Grimmsnarl|[identify]
|move|p1a: Ludicolo|Focus Blast|p2a: Grimmsnarl
|-crit|p2a: Grimmsnarl
|-damage|p2a: Grimmsnarl|50/100
|-damage|p1a: Ludicolo|78/100|[from] item: Life Orb
|
|-weather|RainDance|[upkeep]
|upkeep
|turn|10
|
|move|p2a: Grimmsnarl|Sucker Punch|p1a: Ludicolo
|-damage|p1a: Ludicolo|24/100
|move|p1a: Ludicolo|Giga Drain|p2a: Grimmsnarl
|-damage|p2a: Grimmsnarl|16/100
|-heal|p1a: Ludicolo|47/100|[from] drain|[of] p2a: Grimmsnarl
|-damage|p1a: Ludicolo|37/100|[from] item: Life Orb
|
|-weather|RainDance|[upkeep]
|upkeep
|turn|11
|
|switch|p1a: Pelipper|Pelipper, M|100/100
|-damage|p1a: Pelipper|76/100|[from] Stealth Rock
|move|p2a: Grimmsnarl|Sucker Punch||[still]
|-fail|p2a: Grimmsnarl
|
|-weather|RainDance|[upkeep]
|upkeep
|turn|12
|
|move|p2a: Grimmsnarl|Sucker Punch|p1a: Pelipper
|-damage|p1a: Pelipper|49/100
|move|p1a: Pelipper|Scald|p2a: Grimmsnarl
|-damage|p2a: Grimmsnarl|0 fnt
|faint|p2a: Grimmsnarl
|
|-weather|RainDance|[upkeep]
|upkeep
|
|switch|p2a: Rotom|Rotom-Heat, shiny|100/100
|turn|13
|
|move|p2a: Rotom|Volt Switch|p1a: Pelipper
|-supereffective|p1a: Pelipper
|-damage|p1a: Pelipper|0 fnt
|faint|p1a: Pelipper
|l|☆ebrisyl
|player|p2|
|j|☆ebrisyl
|player|p2|ebrisyl|silver
|
|switch|p2a: Dracovish|Dracovish|100/100|[from]move: Volt Switch
|
|-weather|RainDance|[upkeep]
|upkeep
|
|switch|p1a: Barraskewda|Barraskewda, M|100/100
|-damage|p1a: Barraskewda|88/100|[from] Stealth Rock
|turn|14
|
|move|p1a: Barraskewda|Close Combat|p2a: Dracovish
|-damage|p2a: Dracovish|33/100
|-unboost|p1a: Barraskewda|def|1
|-unboost|p1a: Barraskewda|spd|1
|move|p2a: Dracovish|Outrage|p1a: Barraskewda
|-damage|p1a: Barraskewda|0 fnt
|faint|p1a: Barraskewda
|
|-weather|none
|upkeep
|
|switch|p1a: Dracovish|Dracovish|100/100
|-damage|p1a: Dracovish|88/100|[from] Stealth Rock
|turn|15
|l|☆ebrisyl
|player|p2|
|j|☆ebrisyl
|player|p2|ebrisyl|silver
|
|move|p1a: Dracovish|Fishious Rend|p2a: Dracovish
|-resisted|p2a: Dracovish
|-damage|p2a: Dracovish|4/100
|move|p2a: Dracovish|Outrage|p1a: Dracovish|[from]lockedmove
|-supereffective|p1a: Dracovish
|-damage|p1a: Dracovish|0 fnt
|faint|p1a: Dracovish
|
|upkeep
|
|switch|p1a: Ludicolo|Ludicolo, M, shiny|37/100
|-damage|p1a: Ludicolo|25/100|[from] Stealth Rock
|turn|16
|l|☆ebrisyl
|player|p2|
|j|☆ebrisyl
|player|p2|ebrisyl|silver
|inactive|Battle timer is ON: inactive players will automatically lose when time's up. (requested by raydx)
|
|move|p2a: Dracovish|Outrage|p1a: Ludicolo|[from]lockedmove
|-damage|p1a: Ludicolo|0 fnt
|-start|p2a: Dracovish|confusion|[fatigue]
|faint|p1a: Ludicolo
|
|win|ebrisyl
|l|☆raydx
