|ScrapeTime|2020-01-02-04:45:21
|j|☆dougu
|j|☆SofiaHdzMeldendez
|player|p1|dougu|kimonogirl|1432
|player|p2|SofiaHdzMeldendez|elesa|1394
|teamsize|p1|6
|teamsize|p2|6
|gametype|singles
|gen|8
|tier|[Gen 8] OU
|rated|
|rule|Sleep Clause Mod: Limit one foe put to sleep
|rule|Species Clause: Limit one of each Pokémon
|rule|OHKO Clause: OHKO moves are banned
|rule|Evasion Moves Clause: Evasion moves are banned
|rule|Endless Battle Clause: Forcing endless battles is banned
|rule|HP Percentage Mod: HP is shown in percentages
|clearpoke
|poke|p1|Excadrill, F|
|poke|p1|Hatterene, F|
|poke|p1|Cloyster, M|
|poke|p1|Kommo-o, M|
|poke|p1|Dragapult, F|
|poke|p1|Rotom-Mow|
|poke|p2|Bisharp, M|
|poke|p2|Conkeldurr, M|
|poke|p2|Centiskorch, M|
|poke|p2|Dragapult, M|
|poke|p2|Seismitoad, M|
|poke|p2|Mandibuzz, F|
|rule|Dynamax Clause: You cannot dynamax
|teampreview
|
|start
|switch|p1a: Dragapult|Dragapult, F|100/100
|switch|p2a: Dragapult|Dragapult, M|100/100
|turn|1
|
|switch|p1a: Hatterene|Hatterene, F|100/100
|move|p2a: Dragapult|Draco Meteor|p1a: Hatterene
|-immune|p1a: Hatterene
|
|upkeep
|turn|2
|
|switch|p2a: Centiskorch|Centiskorch, M|100/100
|move|p1a: Hatterene|Trick Room|p1a: Hatterene
|-fieldstart|move: Trick Room|[of] p1a: Hatterene
|
|upkeep
|turn|3
|
|move|p1a: Hatterene|Psychic|p2a: Centiskorch
|-damage|p2a: Centiskorch|54/100
|-damage|p1a: Hatterene|91/100|[from] item: Life Orb
|move|p2a: Centiskorch|Fire Lash|p1a: Hatterene
|-damage|p1a: Hatterene|43/100
|-unboost|p1a: Hatterene|def|1
|
|upkeep
|turn|4
|
|move|p1a: Hatterene|Psychic|p2a: Centiskorch
|-damage|p2a: Centiskorch|7/100
|-damage|p1a: Hatterene|34/100|[from] item: Life Orb
|move|p2a: Centiskorch|Leech Life|p1a: Hatterene
|-damage|p1a: Hatterene|0 fnt
|-heal|p2a: Centiskorch|23/100|[from] drain|[of] p1a: Hatterene
|faint|p1a: Hatterene
|
|upkeep
|
|switch|p1a: Cloyster|Cloyster, M|100/100
|turn|5
|
|move|p2a: Centiskorch|Power Whip|p1a: Cloyster
|-supereffective|p1a: Cloyster
|-damage|p1a: Cloyster|27/100
|move|p1a: Cloyster|Shell Smash|p1a: Cloyster
|-unboost|p1a: Cloyster|def|1
|-unboost|p1a: Cloyster|spd|1
|-boost|p1a: Cloyster|atk|2
|-boost|p1a: Cloyster|spa|2
|-boost|p1a: Cloyster|spe|2
|
|upkeep
|turn|6
|
|move|p1a: Cloyster|Ice Shard|p2a: Centiskorch
|-resisted|p2a: Centiskorch
|-crit|p2a: Centiskorch
|-damage|p2a: Centiskorch|0 fnt
|faint|p2a: Centiskorch
|
|-fieldend|move: Trick Room
|upkeep
|
|switch|p2a: Conkeldurr|Conkeldurr, M|100/100
|turn|7
|
|move|p1a: Cloyster|Ice Shard|p2a: Conkeldurr
|-damage|p2a: Conkeldurr|73/100
|move|p2a: Conkeldurr|Mach Punch|p1a: Cloyster
|-supereffective|p1a: Cloyster
|-damage|p1a: Cloyster|0 fnt
|faint|p1a: Cloyster
|
|-status|p2a: Conkeldurr|brn|[from] item: Flame Orb
|upkeep
|
|switch|p1a: Kommo-o|Kommo-o, M|100/100
|turn|8
|
|move|p1a: Kommo-o|Clangorous Soul|p1a: Kommo-o
|-boost|p1a: Kommo-o|atk|1
|-boost|p1a: Kommo-o|def|1
|-boost|p1a: Kommo-o|spa|1
|-boost|p1a: Kommo-o|spd|1
|-boost|p1a: Kommo-o|spe|1
|-damage|p1a: Kommo-o|67/100
|-enditem|p1a: Kommo-o|Throat Spray
|-boost|p1a: Kommo-o|spa|1
|move|p2a: Conkeldurr|Drain Punch|p1a: Kommo-o
|-damage|p1a: Kommo-o|21/100
|-heal|p2a: Conkeldurr|89/100 brn|[from] drain|[of] p1a: Kommo-o
|
|-damage|p2a: Conkeldurr|83/100 brn|[from] brn
|upkeep
|turn|9
|
|move|p2a: Conkeldurr|Mach Punch|p1a: Kommo-o
|-damage|p1a: Kommo-o|0 fnt
|faint|p1a: Kommo-o
|
|-damage|p2a: Conkeldurr|77/100 brn|[from] brn
|upkeep
|
|switch|p1a: Dragapult|Dragapult, F|100/100
|turn|10
|
|switch|p2a: Mandibuzz|Mandibuzz, F|100/100
|move|p1a: Dragapult|Dragon Darts|p2a: Mandibuzz
|-damage|p2a: Mandibuzz|71/100
|-damage|p2a: Mandibuzz|44/100
|-hitcount|p2a: Mandibuzz|2
|
|upkeep
|turn|11
|
|move|p1a: Dragapult|Dragon Darts|p2a: Mandibuzz
|-damage|p2a: Mandibuzz|17/100
|-damage|p2a: Mandibuzz|0 fnt
|-hitcount|p2a: Mandibuzz|2
|faint|p2a: Mandibuzz
|
|upkeep
|
|switch|p2a: Bisharp|Bisharp, M|100/100
|turn|12
|
|switch|p1a: Excadrill|Excadrill, F|100/100
|-ability|p1a: Excadrill|Mold Breaker
|move|p2a: Bisharp|Throat Chop|p1a: Excadrill
|-damage|p1a: Excadrill|38/100
|-start|p1a: Excadrill|Throat Chop|[silent]
|
|upkeep
|turn|13
|
|move|p2a: Bisharp|Sucker Punch|p1a: Excadrill
|-damage|p1a: Excadrill|0 fnt
|faint|p1a: Excadrill
|
|upkeep
|
|switch|p1a: Rotom|Rotom-Mow|100/100
|turn|14
|
|switch|p2a: Seismitoad|Seismitoad, M|100/100
|move|p1a: Rotom|Leaf Storm|p2a: Seismitoad
|-supereffective|p2a: Seismitoad
|-damage|p2a: Seismitoad|0 fnt
|-unboost|p1a: Rotom|spa|2
|faint|p2a: Seismitoad
|
|upkeep
|
|switch|p2a: Dragapult|Dragapult, M|100/100
|turn|15
|
|move|p2a: Dragapult|Shadow Ball|p1a: Rotom
|-damage|p1a: Rotom|36/100
|move|p1a: Rotom|Nasty Plot|p1a: Rotom
|-boost|p1a: Rotom|spa|2
|
|upkeep
|turn|16
|
|move|p2a: Dragapult|Shadow Ball|p1a: Rotom
|-damage|p1a: Rotom|0 fnt
|faint|p1a: Rotom
|
|upkeep
|
|switch|p1a: Dragapult|Dragapult, F|100/100
|turn|17
|
|move|p1a: Dragapult|Sucker Punch|p2a: Dragapult
|-supereffective|p2a: Dragapult
|-damage|p2a: Dragapult|8/100
|move|p2a: Dragapult|Shadow Ball|p1a: Dragapult
|-supereffective|p1a: Dragapult
|-damage|p1a: Dragapult|0 fnt
|faint|p1a: Dragapult
|
|win|SofiaHdzMeldendez
|l|☆dougu
|raw|dougu's rating: 1432 → 1410(-22 for losing)
|raw|SofiaHdzMeldendez's rating: 1394 → 1416(+22 for winning)
