|ScrapeTime|2020-01-02-11:15:10
|j|☆Greens N Stuff
|j|☆godigiveup
|player|p1|Greens N Stuff|youngster|1109
|player|p2|godigiveup|101|1069
|teamsize|p1|6
|teamsize|p2|6
|gametype|singles
|gen|8
|tier|[Gen 8] OU
|rated|
|rule|Sleep Clause Mod: Limit one foe put to sleep
|rule|Species Clause: Limit one of each Pokémon
|rule|OHKO Clause: OHKO moves are banned
|rule|Evasion Moves Clause: Evasion moves are banned
|rule|Endless Battle Clause: Forcing endless battles is banned
|rule|HP Percentage Mod: HP is shown in percentages
|clearpoke
|poke|p1|Torkoal, F|
|poke|p1|Shiftry, M|
|poke|p1|Charizard, M|
|poke|p1|Xatu, F|
|poke|p1|Excadrill, M|
|poke|p1|Corviknight, F|
|poke|p2|Conkeldurr, M|
|poke|p2|Dracovish|
|poke|p2|Togekiss, F|
|poke|p2|Rotom-Heat|
|poke|p2|Pelipper, M|
|poke|p2|Barraskewda, F|
|rule|Dynamax Clause: You cannot dynamax
|teampreview
|inactive|Battle timer is ON: inactive players will automatically lose when time's up. (requested by Greens N Stuff)
|
|start
|switch|p1a: Torkoal|Torkoal, F|100/100
|switch|p2a: Rotom|Rotom-Heat|100/100
|-weather|SunnyDay|[from] ability: Drought|[of] p1a: Torkoal
|turn|1
|
|switch|p2a: Pelipper|Pelipper, M|100/100
|-weather|RainDance|[from] ability: Drizzle|[of] p2a: Pelipper
|switch|p1a: Excadrill|Excadrill, M|100/100
|-ability|p1a: Excadrill|Mold Breaker
|
|-weather|RainDance|[upkeep]
|upkeep
|turn|2
|
|switch|p1a: Torkoal|Torkoal, F|100/100
|-weather|SunnyDay|[from] ability: Drought|[of] p1a: Torkoal
|move|p2a: Pelipper|Scald|p1a: Torkoal
|-supereffective|p1a: Torkoal
|-damage|p1a: Torkoal|73/100
|
|-weather|SunnyDay|[upkeep]
|upkeep
|turn|3
|
|move|p2a: Pelipper|Scald|p1a: Torkoal
|-supereffective|p1a: Torkoal
|-damage|p1a: Torkoal|47/100
|move|p1a: Torkoal|Stealth Rock|p2a: Pelipper
|-sidestart|p2: godigiveup|move: Stealth Rock
|
|-weather|SunnyDay|[upkeep]
|upkeep
|turn|4
|
|switch|p1a: Corviknight|Corviknight, F|100/100
|-ability|p1a: Corviknight|Pressure
|move|p2a: Pelipper|Scald|p1a: Corviknight
|-damage|p1a: Corviknight|91/100
|-status|p1a: Corviknight|brn
|
|-weather|SunnyDay|[upkeep]
|-heal|p1a: Corviknight|97/100 brn|[from] item: Leftovers
|-damage|p1a: Corviknight|91/100 brn|[from] brn
|upkeep
|turn|5
|
|switch|p2a: Rotom|Rotom-Heat|100/100
|-damage|p2a: Rotom|75/100|[from] Stealth Rock
|move|p1a: Corviknight|U-turn|p2a: Rotom
|-resisted|p2a: Rotom
|-damage|p2a: Rotom|72/100
|
|switch|p1a: Excadrill|Excadrill, M|100/100|[from]move: U-turn
|-ability|p1a: Excadrill|Mold Breaker
|
|-weather|SunnyDay|[upkeep]
|upkeep
|turn|6
|
|move|p2a: Rotom|Will-O-Wisp|p1a: Excadrill|[miss]
|-miss|p2a: Rotom|p1a: Excadrill
|move|p1a: Excadrill|Rock Tomb|p2a: Rotom
|-supereffective|p2a: Rotom
|-damage|p2a: Rotom|27/100
|-unboost|p2a: Rotom|spe|1
|
|-weather|SunnyDay|[upkeep]
|upkeep
|turn|7
|
|move|p2a: Rotom|Will-O-Wisp|p1a: Excadrill
|-status|p1a: Excadrill|brn
|move|p1a: Excadrill|Rock Tomb|p2a: Rotom
|-supereffective|p2a: Rotom
|-damage|p2a: Rotom|4/100
|-unboost|p2a: Rotom|spe|1
|
|-weather|SunnyDay|[upkeep]
|-damage|p1a: Excadrill|94/100 brn|[from] brn
|upkeep
|turn|8
|
|move|p1a: Excadrill|Rock Tomb|p2a: Rotom
|-supereffective|p2a: Rotom
|-damage|p2a: Rotom|0 fnt
|faint|p2a: Rotom
|
|-weather|SunnyDay|[upkeep]
|-damage|p1a: Excadrill|88/100 brn|[from] brn
|upkeep
|
|switch|p2a: Pelipper|Pelipper, M|100/100
|-damage|p2a: Pelipper|75/100|[from] Stealth Rock
|-weather|RainDance|[from] ability: Drizzle|[of] p2a: Pelipper
|turn|9
|
|move|p1a: Excadrill|Rock Tomb|p2a: Pelipper
|-supereffective|p2a: Pelipper
|-damage|p2a: Pelipper|58/100
|-unboost|p2a: Pelipper|spe|1
|move|p2a: Pelipper|Scald|p1a: Excadrill
|-supereffective|p1a: Excadrill
|-damage|p1a: Excadrill|0 fnt
|faint|p1a: Excadrill
|
|-weather|RainDance|[upkeep]
|upkeep
|
|switch|p1a: Charizard|Charizard, M|100/100
|turn|10
|
|move|p1a: Charizard|Hurricane|p2a: Pelipper
|-damage|p2a: Pelipper|0 fnt
|faint|p2a: Pelipper
|
|-weather|RainDance|[upkeep]
|upkeep
|
|switch|p2a: Barraskewda|Barraskewda, F|100/100
|-damage|p2a: Barraskewda|88/100|[from] Stealth Rock
|turn|11
|
|switch|p1a: Torkoal|Torkoal, F|47/100
|-weather|SunnyDay|[from] ability: Drought|[of] p1a: Torkoal
|move|p2a: Barraskewda|Liquidation|p1a: Torkoal
|-supereffective|p1a: Torkoal
|-damage|p1a: Torkoal|10/100
|-damage|p2a: Barraskewda|78/100|[from] item: Life Orb
|
|-weather|SunnyDay|[upkeep]
|upkeep
|turn|12
|
|switch|p1a: Xatu|Xatu, F|100/100
|move|p2a: Barraskewda|Aqua Jet|p1a: Xatu
|-damage|p1a: Xatu|87/100
|-damage|p2a: Barraskewda|69/100|[from] item: Life Orb
|
|-weather|SunnyDay|[upkeep]
|-heal|p1a: Xatu|93/100|[from] item: Leftovers
|upkeep
|turn|13
|
|switch|p2a: Dracovish|Dracovish|100/100
|-damage|p2a: Dracovish|88/100|[from] Stealth Rock
|move|p1a: Xatu|Psychic|p2a: Dracovish
|-damage|p2a: Dracovish|52/100
|
|-weather|SunnyDay|[upkeep]
|-heal|p1a: Xatu|99/100|[from] item: Leftovers
|upkeep
|turn|14
|
|move|p2a: Dracovish|Crunch|p1a: Xatu
|-supereffective|p1a: Xatu
|-damage|p1a: Xatu|0 fnt
|faint|p1a: Xatu
|
|-weather|SunnyDay|[upkeep]
|upkeep
|
|switch|p1a: Shiftry|Shiftry, M|100/100
|turn|15
|
|switch|p2a: Togekiss|Togekiss, F|100/100
|-damage|p2a: Togekiss|76/100|[from] Stealth Rock
|move|p1a: Shiftry|Growth|p1a: Shiftry
|-boost|p1a: Shiftry|atk|2
|-boost|p1a: Shiftry|spa|2
|
|-weather|SunnyDay|[upkeep]
|-heal|p2a: Togekiss|82/100|[from] item: Leftovers
|upkeep
|turn|16
|
|move|p1a: Shiftry|Solar Blade||[still]
|-prepare|p1a: Shiftry|Solar Blade|p2a: Togekiss
|-anim|p1a: Shiftry|Solar Blade|p2a: Togekiss
|-resisted|p2a: Togekiss
|-damage|p2a: Togekiss|0 fnt
|-damage|p1a: Shiftry|91/100|[from] item: Life Orb
|faint|p2a: Togekiss
|
|-weather|SunnyDay|[upkeep]
|upkeep
|
|switch|p2a: Conkeldurr|Conkeldurr, M|100/100
|-damage|p2a: Conkeldurr|94/100|[from] Stealth Rock
|turn|17
|
|switch|p1a: Charizard|Charizard, M|100/100
|move|p2a: Conkeldurr|Mach Punch|p1a: Charizard
|-resisted|p1a: Charizard
|-damage|p1a: Charizard|84/100
|
|-weather|SunnyDay|[upkeep]
|-damage|p1a: Charizard|72/100|[from] ability: Solar Power|[of] p1a: Charizard
|-status|p2a: Conkeldurr|brn|[from] item: Flame Orb
|upkeep
|turn|18
|
|move|p1a: Charizard|Weather Ball|p2a: Conkeldurr
|-damage|p2a: Conkeldurr|0 fnt
|faint|p2a: Conkeldurr
|
|-weather|none
|upkeep
|
|switch|p2a: Dracovish|Dracovish|52/100
|-damage|p2a: Dracovish|40/100|[from] Stealth Rock
|turn|19
|
|switch|p1a: Torkoal|Torkoal, F|10/100
|-weather|SunnyDay|[from] ability: Drought|[of] p1a: Torkoal
|move|p2a: Dracovish|Fishious Rend|p1a: Torkoal
|-supereffective|p1a: Torkoal
|-crit|p1a: Torkoal
|-damage|p1a: Torkoal|0 fnt
|faint|p1a: Torkoal
|
|-weather|SunnyDay|[upkeep]
|upkeep
|
|switch|p1a: Shiftry|Shiftry, M|91/100
|turn|20
|
|move|p1a: Shiftry|Growth|p1a: Shiftry
|-boost|p1a: Shiftry|atk|2
|-boost|p1a: Shiftry|spa|2
|move|p2a: Dracovish|Fishious Rend|p1a: Shiftry
|-resisted|p1a: Shiftry
|-damage|p1a: Shiftry|58/100
|
|-weather|SunnyDay|[upkeep]
|upkeep
|turn|21
|
|move|p1a: Shiftry|Solar Blade||[still]
|-prepare|p1a: Shiftry|Solar Blade|p2a: Dracovish
|-anim|p1a: Shiftry|Solar Blade|p2a: Dracovish
|-damage|p2a: Dracovish|0 fnt
|-damage|p1a: Shiftry|48/100|[from] item: Life Orb
|faint|p2a: Dracovish
|
|-weather|SunnyDay|[upkeep]
|upkeep
|
|switch|p2a: Barraskewda|Barraskewda, F|69/100
|-damage|p2a: Barraskewda|56/100|[from] Stealth Rock
|turn|22
|
|move|p1a: Shiftry|Solar Blade||[still]
|-prepare|p1a: Shiftry|Solar Blade|p2a: Barraskewda
|-anim|p1a: Shiftry|Solar Blade|p2a: Barraskewda
|-supereffective|p2a: Barraskewda
|-damage|p2a: Barraskewda|0 fnt
|-damage|p1a: Shiftry|38/100|[from] item: Life Orb
|faint|p2a: Barraskewda
|
|win|Greens N Stuff
|l|☆godigiveup
|raw|Greens N Stuff's rating: 1109 → 1131(+22 for winning)
|raw|godigiveup's rating: 1069 → 1051(-18 for losing)
