|ScrapeTime|2020-01-01-18:02:24
|j|☆Arcanine Gang
|j|☆Raythepidgeot
|inactive|Battle timer is ON: inactive players will automatically lose when time's up.
|player|p1|Arcanine Gang|teamrocket|
|player|p2|Raythepidgeot|hiker-gen4|
|teamsize|p1|6
|teamsize|p2|6
|gametype|singles
|gen|8
|tier|[Gen 8] OU
|rated|Tournament battle
|rule|Sleep Clause Mod: Limit one foe put to sleep
|rule|Species Clause: Limit one of each Pokémon
|rule|OHKO Clause: OHKO moves are banned
|rule|Evasion Moves Clause: Evasion moves are banned
|rule|Endless Battle Clause: Forcing endless battles is banned
|rule|HP Percentage Mod: HP is shown in percentages
|clearpoke
|poke|p1|Arcanine, M|
|poke|p1|Mandibuzz, F|
|poke|p1|Toxapex, F|
|poke|p1|Seismitoad, M|
|poke|p1|Roserade, F|
|poke|p1|Runerigus, F|
|poke|p2|Grimmsnarl, M|
|poke|p2|Corsola-Galar, F|
|poke|p2|Rotom-Heat|
|poke|p2|Darmanitan-Galar, F|
|poke|p2|Centiskorch, F|
|poke|p2|Barraskewda, M|
|rule|Dynamax Clause: You cannot dynamax
|teampreview
|j| Low Ladder Skills
|
|start
|switch|p1a: Roserade|Roserade, F|100/100
|switch|p2a: Rotom|Rotom-Heat|100/100
|turn|1
|j| Anatafu
|
|switch|p1a: Arcanine|Arcanine, M|100/100
|-ability|p1a: Arcanine|Intimidate|boost
|-unboost|p2a: Rotom|atk|1
|move|p2a: Rotom|Volt Switch|p1a: Arcanine
|-damage|p1a: Arcanine|78/100
|
|switch|p2a: Barraskewda|Barraskewda, M|100/100|[from]move: Volt Switch
|
|upkeep
|turn|2
|
|switch|p1a: Seismitoad|Seismitoad, M|100/100
|move|p2a: Barraskewda|Liquidation|p1a: Seismitoad
|-immune|p1a: Seismitoad|[from] ability: Water Absorb
|
|upkeep
|turn|3
|
|switch|p2a: Rotom|Rotom-Heat|100/100
|move|p1a: Seismitoad|Toxic|p2a: Rotom
|-status|p2a: Rotom|tox
|
|-damage|p2a: Rotom|94/100 tox|[from] psn
|upkeep
|turn|4
|
|switch|p2a: Grimmsnarl|Grimmsnarl, M|100/100
|move|p1a: Seismitoad|Stealth Rock|p2a: Grimmsnarl
|-sidestart|p2: Raythepidgeot|move: Stealth Rock
|
|upkeep
|turn|5
|
|switch|p1a: Roserade|Roserade, F|100/100
|move|p2a: Grimmsnarl|Taunt|p1a: Roserade
|-start|p1a: Roserade|move: Taunt
|
|upkeep
|turn|6
|
|move|p2a: Grimmsnarl|Light Screen|p2a: Grimmsnarl
|-sidestart|p2: Raythepidgeot|move: Light Screen
|move|p1a: Roserade|Sludge Bomb|p2a: Grimmsnarl
|-supereffective|p2a: Grimmsnarl
|-crit|p2a: Grimmsnarl
|-damage|p2a: Grimmsnarl|0 fnt
|-damage|p1a: Roserade|91/100|[from] item: Life Orb
|faint|p2a: Grimmsnarl
|
|upkeep
|
|switch|p2a: Darmanitan|Darmanitan-Galar, F|100/100
|-damage|p2a: Darmanitan|75/100|[from] Stealth Rock
|turn|7
|c|☆Arcanine Gang|F
|
|switch|p1a: Arcanine|Arcanine, M|78/100
|-ability|p1a: Arcanine|Intimidate|boost
|-unboost|p2a: Darmanitan|atk|1
|move|p2a: Darmanitan|Belly Drum|p2a: Darmanitan
|-damage|p2a: Darmanitan|25/100
|-setboost|p2a: Darmanitan|atk|6|[from] move: Belly Drum
|
|-formechange|p2a: Darmanitan|Darmanitan-Galar-Zen|
|upkeep
|turn|8
|
|move|p1a: Arcanine|Extreme Speed|p2a: Darmanitan
|-damage|p2a: Darmanitan|0 fnt
|faint|p2a: Darmanitan
|
|upkeep
|
|switch|p2a: Centiskorch|Centiskorch, F|100/100
|turn|9
|
|switch|p1a: Toxapex|Toxapex, F|100/100
|move|p2a: Centiskorch|Coil|p2a: Centiskorch
|-boost|p2a: Centiskorch|atk|1
|-boost|p2a: Centiskorch|def|1
|-boost|p2a: Centiskorch|accuracy|1
|
|upkeep
|turn|10
|
|move|p2a: Centiskorch|Fire Lash|p1a: Toxapex
|-resisted|p1a: Toxapex
|-damage|p1a: Toxapex|77/100
|-unboost|p1a: Toxapex|def|1
|move|p1a: Toxapex|Haze|p1a: Toxapex
|-clearallboost
|
|-heal|p1a: Toxapex|83/100|[from] item: Black Sludge
|-sideend|p2: Raythepidgeot|move: Light Screen
|upkeep
|turn|11
|
|switch|p1a: Mandibuzz|Mandibuzz, F|100/100
|move|p2a: Centiskorch|Fire Lash|p1a: Mandibuzz
|-damage|p1a: Mandibuzz|75/100
|-unboost|p1a: Mandibuzz|def|1
|
|upkeep
|turn|12
|
|move|p1a: Mandibuzz|Taunt|p2a: Centiskorch
|-start|p2a: Centiskorch|move: Taunt
|cant|p2a: Centiskorch|move: Taunt|Coil
|
|upkeep
|turn|13
|
|move|p1a: Mandibuzz|U-turn|p2a: Centiskorch
|-resisted|p2a: Centiskorch
|-damage|p2a: Centiskorch|94/100
|
|switch|p1a: Seismitoad|Seismitoad, M|100/100|[from]move: U-turn
|move|p2a: Centiskorch|Fire Lash|p1a: Seismitoad
|-resisted|p1a: Seismitoad
|-damage|p1a: Seismitoad|85/100
|-unboost|p1a: Seismitoad|def|1
|
|-heal|p1a: Seismitoad|91/100|[from] item: Leftovers
|upkeep
|turn|14
|
|move|p1a: Seismitoad|Toxic|p2a: Centiskorch
|-status|p2a: Centiskorch|tox
|move|p2a: Centiskorch|Fire Lash|p1a: Seismitoad
|-resisted|p1a: Seismitoad
|-damage|p1a: Seismitoad|70/100
|-unboost|p1a: Seismitoad|def|1
|
|-heal|p1a: Seismitoad|76/100|[from] item: Leftovers
|-damage|p2a: Centiskorch|88/100 tox|[from] psn
|-end|p2a: Centiskorch|move: Taunt
|upkeep
|turn|15
|
|move|p1a: Seismitoad|Protect|p1a: Seismitoad
|-singleturn|p1a: Seismitoad|Protect
|move|p2a: Centiskorch|Lunge|p1a: Seismitoad
|-activate|p1a: Seismitoad|move: Protect
|
|-heal|p1a: Seismitoad|82/100|[from] item: Leftovers
|-damage|p2a: Centiskorch|75/100 tox|[from] psn
|upkeep
|turn|16
|
|switch|p1a: Toxapex|Toxapex, F|100/100
|move|p2a: Centiskorch|Lunge|p1a: Toxapex
|-resisted|p1a: Toxapex
|-damage|p1a: Toxapex|83/100
|-unboost|p1a: Toxapex|atk|1
|
|-heal|p1a: Toxapex|90/100|[from] item: Black Sludge
|-damage|p2a: Centiskorch|57/100 tox|[from] psn
|upkeep
|turn|17
|
|switch|p2a: Corsola|Corsola-Galar, F|100/100
|-damage|p2a: Corsola|88/100|[from] Stealth Rock
|move|p1a: Toxapex|Toxic Spikes|p2a: Corsola
|-sidestart|p2: Raythepidgeot|move: Toxic Spikes
|
|-heal|p1a: Toxapex|96/100|[from] item: Black Sludge
|upkeep
|turn|18
|-message|Raythepidgeot forfeited.
|
|win|Arcanine Gang
|l|☆Raythepidgeot
|l| Low Ladder Skills
|c|☆Arcanine Gang|gg
