|ScrapeTime|2020-01-03-00:36:40
|j|☆Miguel__off
|j|☆jam's disciples
|player|p1|Miguel__off|265|1269
|player|p2|jam's disciples|workerice|1308
|teamsize|p1|6
|teamsize|p2|6
|gametype|singles
|gen|8
|tier|[Gen 8] OU
|rated|
|rule|Sleep Clause Mod: Limit one foe put to sleep
|rule|Species Clause: Limit one of each Pokémon
|rule|OHKO Clause: OHKO moves are banned
|rule|Evasion Moves Clause: Evasion moves are banned
|rule|Endless Battle Clause: Forcing endless battles is banned
|rule|HP Percentage Mod: HP is shown in percentages
|clearpoke
|poke|p1|Ferrothorn, M|
|poke|p1|Togekiss, F|
|poke|p1|Tyranitar, M|
|poke|p1|Excadrill, M|
|poke|p1|Gengar, M|
|poke|p1|Gyarados, M|
|poke|p2|Dragapult, M|
|poke|p2|Mandibuzz, F|
|poke|p2|Seismitoad, F|
|poke|p2|Corviknight, M|
|poke|p2|Conkeldurr, M|
|poke|p2|Toxtricity, F|
|rule|Dynamax Clause: You cannot dynamax
|teampreview
|inactive|Battle timer is ON: inactive players will automatically lose when time's up. (requested by Miguel__off)
|
|start
|switch|p1a: Ferrothorn|Ferrothorn, M|100/100
|switch|p2a: Conkeldurr|Conkeldurr, M|100/100
|turn|1
|inactive|Miguel__off has 120 seconds left.
|inactive|jam's disciples has 120 seconds left.
|
|switch|p2a: Mandibuzz|Mandibuzz, F|100/100
|move|p1a: Ferrothorn|Leech Seed|p2a: Mandibuzz
|-start|p2a: Mandibuzz|move: Leech Seed
|
|-damage|p2a: Mandibuzz|88/100|[from] Leech Seed|[of] p1a: Ferrothorn
|upkeep
|turn|2
|
|switch|p2a: Corviknight|Corviknight, M|100/100
|-ability|p2a: Corviknight|Pressure
|move|p1a: Ferrothorn|Toxic|p2a: Corviknight
|-immune|p2a: Corviknight
|
|upkeep
|turn|3
|
|move|p2a: Corviknight|Substitute|p2a: Corviknight
|-start|p2a: Corviknight|Substitute
|-damage|p2a: Corviknight|75/100
|move|p1a: Ferrothorn|Leech Seed||[still]
|-fail|p1a: Ferrothorn
|
|-heal|p2a: Corviknight|82/100|[from] item: Leftovers
|upkeep
|turn|4
|inactive|Miguel__off has 120 seconds left.
|
|move|p2a: Corviknight|Bulk Up|p2a: Corviknight
|-boost|p2a: Corviknight|atk|1
|-boost|p2a: Corviknight|def|1
|move|p1a: Ferrothorn|Stealth Rock|p2a: Corviknight
|-sidestart|p2: jam's disciples|move: Stealth Rock
|
|-heal|p2a: Corviknight|88/100|[from] item: Leftovers
|upkeep
|turn|5
|inactive|Miguel__off has 120 seconds left.
|
|switch|p1a: Gengar|Gengar, M|100/100
|move|p2a: Corviknight|Bulk Up|p2a: Corviknight
|-boost|p2a: Corviknight|atk|1
|-boost|p2a: Corviknight|def|1
|
|-heal|p2a: Corviknight|94/100|[from] item: Leftovers
|upkeep
|turn|6
|inactive|Miguel__off has 120 seconds left.
|
|move|p1a: Gengar|Shadow Ball|p2a: Corviknight
|-end|p2a: Corviknight|Substitute
|-damage|p1a: Gengar|91/100|[from] item: Life Orb
|move|p2a: Corviknight|Brave Bird|p1a: Gengar
|-damage|p1a: Gengar|0 fnt
|-start|p2a: Corviknight|Disable|Brave Bird|[from] ability: Cursed Body|[of] p1a: Gengar
|-damage|p2a: Corviknight|75/100|[from] Recoil
|faint|p1a: Gengar
|
|-heal|p2a: Corviknight|81/100|[from] item: Leftovers
|upkeep
|inactive|Miguel__off has 120 seconds left.
|
|switch|p1a: Togekiss|Togekiss, F|100/100
|turn|7
|
|switch|p2a: Mandibuzz|Mandibuzz, F|88/100
|move|p1a: Togekiss|Fire Blast|p2a: Mandibuzz
|-damage|p2a: Mandibuzz|72/100
|
|upkeep
|turn|8
|
|switch|p2a: Toxtricity|Toxtricity, F|100/100
|-damage|p2a: Toxtricity|88/100|[from] Stealth Rock
|move|p1a: Togekiss|Thunder Wave|p2a: Toxtricity
|-immune|p2a: Toxtricity
|
|upkeep
|turn|9
|inactive|Miguel__off has 120 seconds left.
|
|switch|p1a: Tyranitar|Tyranitar, M|100/100
|-weather|Sandstorm|[from] ability: Sand Stream|[of] p1a: Tyranitar
|move|p2a: Toxtricity|Boomburst|p1a: Tyranitar
|-resisted|p1a: Tyranitar
|-damage|p1a: Tyranitar|80/100
|
|-weather|Sandstorm|[upkeep]
|-damage|p2a: Toxtricity|82/100|[from] Sandstorm
|upkeep
|turn|10
|inactive|Miguel__off has 120 seconds left.
|
|switch|p2a: Seismitoad|Seismitoad, F|100/100
|-damage|p2a: Seismitoad|94/100|[from] Stealth Rock
|move|p1a: Tyranitar|Stone Edge|p2a: Seismitoad
|-resisted|p2a: Seismitoad
|-damage|p2a: Seismitoad|79/100
|
|-weather|Sandstorm|[upkeep]
|-heal|p2a: Seismitoad|85/100|[from] item: Leftovers
|upkeep
|turn|11
|inactive|Miguel__off has 120 seconds left.
|
|switch|p1a: Ferrothorn|Ferrothorn, M|100/100
|move|p2a: Seismitoad|Toxic|p1a: Ferrothorn
|-immune|p1a: Ferrothorn
|
|-weather|Sandstorm|[upkeep]
|-heal|p2a: Seismitoad|91/100|[from] item: Leftovers
|upkeep
|turn|12
|inactive|Miguel__off has 120 seconds left.
|
|switch|p2a: Mandibuzz|Mandibuzz, F|72/100
|move|p1a: Ferrothorn|Leech Seed|p2a: Mandibuzz
|-start|p2a: Mandibuzz|move: Leech Seed
|
|-weather|Sandstorm|[upkeep]
|-damage|p2a: Mandibuzz|59/100|[from] Leech Seed|[of] p1a: Ferrothorn
|upkeep
|turn|13
|inactive|Miguel__off has 120 seconds left.
|
|switch|p1a: Gyarados|Gyarados, M, shiny|100/100
|move|p2a: Mandibuzz|Defog|p1a: Gyarados
|-unboost|p1a: Gyarados|evasion|1
|-sideend|p2: jam's disciples|Stealth Rock|[from] move: Defog|[of] p2a: Mandibuzz
|
|-weather|Sandstorm|[upkeep]
|-damage|p1a: Gyarados|94/100|[from] Sandstorm
|-damage|p2a: Mandibuzz|47/100|[from] Leech Seed|[of] p1a: Gyarados
|-heal|p1a: Gyarados|100/100|[silent]
|upkeep
|turn|14
|inactive|Miguel__off has 120 seconds left.
|
|switch|p2a: Corviknight|Corviknight, M|81/100
|-ability|p2a: Corviknight|Pressure
|move|p1a: Gyarados|Dragon Dance|p1a: Gyarados
|-boost|p1a: Gyarados|atk|1
|-boost|p1a: Gyarados|spe|1
|
|-weather|Sandstorm|[upkeep]
|-damage|p1a: Gyarados|94/100|[from] Sandstorm
|-heal|p2a: Corviknight|87/100|[from] item: Leftovers
|upkeep
|turn|15
|inactive|Miguel__off has 120 seconds left.
|
|move|p1a: Gyarados|Waterfall|p2a: Corviknight
|-damage|p2a: Corviknight|32/100
|move|p2a: Corviknight|Bulk Up|p2a: Corviknight
|-boost|p2a: Corviknight|atk|1
|-boost|p2a: Corviknight|def|1
|
|-weather|Sandstorm|[upkeep]
|-damage|p1a: Gyarados|88/100|[from] Sandstorm
|-heal|p2a: Corviknight|39/100|[from] item: Leftovers
|upkeep
|turn|16
|inactive|Miguel__off has 120 seconds left.
|
|move|p1a: Gyarados|Waterfall|p2a: Corviknight
|-damage|p2a: Corviknight|3/100
|move|p2a: Corviknight|Roost|p2a: Corviknight
|-heal|p2a: Corviknight|53/100
|-singleturn|p2a: Corviknight|move: Roost
|
|-weather|none
|-heal|p2a: Corviknight|59/100|[from] item: Leftovers
|upkeep
|turn|17
|inactive|Miguel__off has 120 seconds left.
|
|move|p1a: Gyarados|Earthquake|p2a: Corviknight
|-immune|p2a: Corviknight
|move|p2a: Corviknight|Bulk Up|p2a: Corviknight
|-boost|p2a: Corviknight|atk|1
|-boost|p2a: Corviknight|def|1
|
|-heal|p2a: Corviknight|66/100|[from] item: Leftovers
|upkeep
|turn|18
|inactive|Miguel__off has 120 seconds left.
|
|move|p1a: Gyarados|Dragon Dance|p1a: Gyarados
|-boost|p1a: Gyarados|atk|1
|-boost|p1a: Gyarados|spe|1
|move|p2a: Corviknight|Bulk Up|p2a: Corviknight
|-boost|p2a: Corviknight|atk|1
|-boost|p2a: Corviknight|def|1
|
|-heal|p2a: Corviknight|72/100|[from] item: Leftovers
|upkeep
|turn|19
|inactive|Miguel__off has 120 seconds left.
|
|move|p1a: Gyarados|Waterfall|p2a: Corviknight
|-damage|p2a: Corviknight|41/100
|move|p2a: Corviknight|Brave Bird|p1a: Gyarados
|-damage|p1a: Gyarados|0 fnt
|-damage|p2a: Corviknight|17/100|[from] Recoil
|faint|p1a: Gyarados
|
|-heal|p2a: Corviknight|23/100|[from] item: Leftovers
|upkeep
|inactive|Miguel__off has 120 seconds left.
|
|switch|p1a: Excadrill|Excadrill, M|100/100
|turn|20
|
|move|p1a: Excadrill|Rock Slide|p2a: Corviknight
|-damage|p2a: Corviknight|14/100
|cant|p2a: Corviknight|flinch
|
|-heal|p2a: Corviknight|20/100|[from] item: Leftovers
|upkeep
|turn|21
|
|move|p1a: Excadrill|Rock Slide|p2a: Corviknight
|-damage|p2a: Corviknight|10/100
|move|p2a: Corviknight|Roost|p2a: Corviknight
|-heal|p2a: Corviknight|60/100
|-singleturn|p2a: Corviknight|move: Roost
|
|-heal|p2a: Corviknight|67/100|[from] item: Leftovers
|upkeep
|turn|22
|
|switch|p1a: Togekiss|Togekiss, F|100/100
|move|p2a: Corviknight|Substitute|p2a: Corviknight
|-start|p2a: Corviknight|Substitute
|-damage|p2a: Corviknight|42/100
|
|-heal|p2a: Corviknight|48/100|[from] item: Leftovers
|upkeep
|turn|23
|
|move|p1a: Togekiss|Fire Blast|p2a: Corviknight
|-supereffective|p2a: Corviknight
|-end|p2a: Corviknight|Substitute
|move|p2a: Corviknight|Brave Bird|p1a: Togekiss
|-damage|p1a: Togekiss|12/100
|-damage|p2a: Corviknight|21/100|[from] Recoil
|
|-heal|p1a: Togekiss|18/100|[from] item: Leftovers
|-heal|p2a: Corviknight|27/100|[from] item: Leftovers
|upkeep
|turn|24
|
|switch|p2a: Seismitoad|Seismitoad, F|91/100
|move|p1a: Togekiss|Fire Blast|p2a: Seismitoad|[miss]
|-miss|p1a: Togekiss|p2a: Seismitoad
|
|-heal|p1a: Togekiss|24/100|[from] item: Leftovers
|-heal|p2a: Seismitoad|97/100|[from] item: Leftovers
|upkeep
|turn|25
|
|switch|p1a: Ferrothorn|Ferrothorn, M|100/100
|switch|p2a: Toxtricity|Toxtricity, F|82/100
|
|upkeep
|turn|26
|
|move|p2a: Toxtricity|Volt Switch|p1a: Ferrothorn
|-resisted|p1a: Ferrothorn
|-damage|p1a: Ferrothorn|78/100
|
|switch|p2a: Corviknight|Corviknight, M|27/100|[from]move: Volt Switch
|-ability|p2a: Corviknight|Pressure
|move|p1a: Ferrothorn|Leech Seed|p2a: Corviknight
|-start|p2a: Corviknight|move: Leech Seed
|
|-heal|p2a: Corviknight|33/100|[from] item: Leftovers
|-damage|p2a: Corviknight|21/100|[from] Leech Seed|[of] p1a: Ferrothorn
|-heal|p1a: Ferrothorn|93/100|[silent]
|upkeep
|turn|27
|
|move|p2a: Corviknight|Roost|p2a: Corviknight
|-heal|p2a: Corviknight|71/100
|-singleturn|p2a: Corviknight|move: Roost
|move|p1a: Ferrothorn|Gyro Ball|p2a: Corviknight
|-resisted|p2a: Corviknight
|-damage|p2a: Corviknight|54/100
|
|-heal|p2a: Corviknight|60/100|[from] item: Leftovers
|-damage|p2a: Corviknight|48/100|[from] Leech Seed|[of] p1a: Ferrothorn
|-heal|p1a: Ferrothorn|100/100|[silent]
|upkeep
|turn|28
|
|switch|p1a: Tyranitar|Tyranitar, M|80/100
|-weather|Sandstorm|[from] ability: Sand Stream|[of] p1a: Tyranitar
|move|p2a: Corviknight|Roost|p2a: Corviknight
|-heal|p2a: Corviknight|98/100
|-singleturn|p2a: Corviknight|move: Roost
|
|-weather|Sandstorm|[upkeep]
|-heal|p2a: Corviknight|100/100|[from] item: Leftovers
|-damage|p2a: Corviknight|88/100|[from] Leech Seed|[of] p1a: Tyranitar
|-heal|p1a: Tyranitar|93/100|[silent]
|upkeep
|turn|29
|
|switch|p2a: Seismitoad|Seismitoad, F|97/100
|move|p1a: Tyranitar|Fire Punch|p2a: Seismitoad
|-resisted|p2a: Seismitoad
|-damage|p2a: Seismitoad|88/100
|
|-weather|Sandstorm|[upkeep]
|-heal|p2a: Seismitoad|94/100|[from] item: Leftovers
|upkeep
|turn|30
|
|switch|p1a: Togekiss|Togekiss, F|24/100
|move|p2a: Seismitoad|Stealth Rock|p1a: Togekiss
|-sidestart|p1: Miguel__off|move: Stealth Rock
|
|-weather|Sandstorm|[upkeep]
|-damage|p1a: Togekiss|18/100|[from] Sandstorm
|-heal|p1a: Togekiss|24/100|[from] item: Leftovers
|-heal|p2a: Seismitoad|100/100|[from] item: Leftovers
|upkeep
|turn|31
|
|move|p1a: Togekiss|Air Slash|p2a: Seismitoad|[miss]
|-miss|p1a: Togekiss|p2a: Seismitoad
|move|p2a: Seismitoad|Toxic|p1a: Togekiss
|-status|p1a: Togekiss|tox
|
|-weather|Sandstorm|[upkeep]
|-damage|p1a: Togekiss|18/100 tox|[from] Sandstorm
|-heal|p1a: Togekiss|24/100 tox|[from] item: Leftovers
|-damage|p1a: Togekiss|18/100 tox|[from] psn
|upkeep
|turn|32
|
|switch|p2a: Corviknight|Corviknight, M|88/100
|-ability|p2a: Corviknight|Pressure
|move|p1a: Togekiss|Air Slash|p2a: Corviknight
|-resisted|p2a: Corviknight
|-damage|p2a: Corviknight|77/100
|
|-weather|Sandstorm|[upkeep]
|-damage|p1a: Togekiss|12/100 tox|[from] Sandstorm
|-heal|p1a: Togekiss|18/100 tox|[from] item: Leftovers
|-heal|p2a: Corviknight|84/100|[from] item: Leftovers
|-damage|p1a: Togekiss|6/100 tox|[from] psn
|upkeep
|turn|33
|
|switch|p2a: Mandibuzz|Mandibuzz, F|47/100
|move|p1a: Togekiss|Fire Blast|p2a: Mandibuzz
|-damage|p2a: Mandibuzz|28/100
|
|-weather|Sandstorm|[upkeep]
|-damage|p1a: Togekiss|0 fnt|[from] Sandstorm
|faint|p1a: Togekiss
|upkeep
|
|switch|p1a: Excadrill|Excadrill, M|100/100
|-damage|p1a: Excadrill|97/100|[from] Stealth Rock
|turn|34
|
|move|p1a: Excadrill|Iron Head|p2a: Mandibuzz
|-damage|p2a: Mandibuzz|0 fnt
|faint|p2a: Mandibuzz
|
|-weather|Sandstorm|[upkeep]
|upkeep
|
|switch|p2a: Conkeldurr|Conkeldurr, M|100/100
|turn|35
|
|switch|p2a: Seismitoad|Seismitoad, F|100/100
|move|p1a: Excadrill|Earthquake|p2a: Seismitoad
|-damage|p2a: Seismitoad|47/100
|
|-weather|none
|-heal|p2a: Seismitoad|53/100|[from] item: Leftovers
|upkeep
|turn|36
|
|switch|p1a: Ferrothorn|Ferrothorn, M|100/100
|-damage|p1a: Ferrothorn|95/100|[from] Stealth Rock
|move|p2a: Seismitoad|Scald|p1a: Ferrothorn
|-resisted|p1a: Ferrothorn
|-damage|p1a: Ferrothorn|83/100
|
|-heal|p2a: Seismitoad|59/100|[from] item: Leftovers
|upkeep
|turn|37
|
|switch|p2a: Conkeldurr|Conkeldurr, M|100/100
|move|p1a: Ferrothorn|Leech Seed|p2a: Conkeldurr
|-start|p2a: Conkeldurr|move: Leech Seed
|
|-damage|p2a: Conkeldurr|88/100|[from] Leech Seed|[of] p1a: Ferrothorn
|-heal|p1a: Ferrothorn|98/100|[silent]
|-status|p2a: Conkeldurr|brn|[from] item: Flame Orb
|upkeep
|turn|38
|
|move|p2a: Conkeldurr|Drain Punch|p1a: Ferrothorn
|-supereffective|p1a: Ferrothorn
|-damage|p1a: Ferrothorn|16/100
|-heal|p2a: Conkeldurr|100/100 brn|[from] drain|[of] p1a: Ferrothorn
|-damage|p2a: Conkeldurr|88/100 brn|[from] ability: Iron Barbs|[of] p1a: Ferrothorn
|-damage|p2a: Conkeldurr|71/100 brn|[from] item: Rocky Helmet|[of] p1a: Ferrothorn
|move|p1a: Ferrothorn|Stealth Rock|p2a: Conkeldurr
|-sidestart|p2: jam's disciples|move: Stealth Rock
|
|-damage|p2a: Conkeldurr|59/100 brn|[from] Leech Seed|[of] p1a: Ferrothorn
|-heal|p1a: Ferrothorn|30/100|[silent]
|-damage|p2a: Conkeldurr|53/100 brn|[from] brn
|upkeep
|turn|39
|
|move|p2a: Conkeldurr|Drain Punch|p1a: Ferrothorn
|-supereffective|p1a: Ferrothorn
|-damage|p1a: Ferrothorn|0 fnt
|-heal|p2a: Conkeldurr|66/100 brn|[from] drain|[of] p1a: Ferrothorn
|-damage|p2a: Conkeldurr|53/100 brn|[from] ability: Iron Barbs|[of] p1a: Ferrothorn
|-damage|p2a: Conkeldurr|37/100 brn|[from] item: Rocky Helmet|[of] p1a: Ferrothorn
|faint|p1a: Ferrothorn
|
|-damage|p2a: Conkeldurr|31/100 brn|[from] brn
|upkeep
|
|switch|p1a: Excadrill|Excadrill, M|97/100
|-damage|p1a: Excadrill|94/100|[from] Stealth Rock
|turn|40
|
|move|p2a: Conkeldurr|Mach Punch|p1a: Excadrill
|-supereffective|p1a: Excadrill
|-damage|p1a: Excadrill|0 fnt
|faint|p1a: Excadrill
|
|-damage|p2a: Conkeldurr|25/100 brn|[from] brn
|upkeep
|
|switch|p1a: Tyranitar|Tyranitar, M|93/100
|-damage|p1a: Tyranitar|80/100|[from] Stealth Rock
|-weather|Sandstorm|[from] ability: Sand Stream|[of] p1a: Tyranitar
|turn|41
|
|move|p2a: Conkeldurr|Mach Punch|p1a: Tyranitar
|-supereffective|p1a: Tyranitar
|-damage|p1a: Tyranitar|0 fnt
|faint|p1a: Tyranitar
|
|win|jam's disciples
|c|☆jam's disciples|gg
|l|☆Miguel__off
|raw|Miguel__off's rating: 1269 → 1246(-23 for losing)
|raw|jam's disciples's rating: 1290 → 1313(+23 for winning)
