|ScrapeTime|2020-01-02-11:50:53
|j|☆SausageDemon54
|j|☆TxHydroo
|player|p1|SausageDemon54|101|
|player|p2|TxHydroo|170|
|teamsize|p1|6
|teamsize|p2|6
|gametype|singles
|gen|8
|tier|[Gen 8] OU
|rule|Sleep Clause Mod: Limit one foe put to sleep
|rule|Species Clause: Limit one of each Pokémon
|rule|OHKO Clause: OHKO moves are banned
|rule|Evasion Moves Clause: Evasion moves are banned
|rule|Endless Battle Clause: Forcing endless battles is banned
|rule|HP Percentage Mod: HP is shown in percentages
|clearpoke
|poke|p1|Grimmsnarl, M|
|poke|p1|Dracovish|
|poke|p1|Dracozolt|
|poke|p1|Dragapult, F|
|poke|p1|Polteageist|
|poke|p1|Pincurchin, F|
|poke|p2|Dracovish|
|poke|p2|Frosmoth, F|
|poke|p2|Grimmsnarl, M|
|poke|p2|Indeedee-F, F|
|poke|p2|Centiskorch, M|
|poke|p2|Dracozolt|
|rule|Dynamax Clause: You cannot dynamax
|teampreview
|
|start
|switch|p1a: Pincurchin|Pincurchin, F|100/100
|switch|p2a: Frosmoth|Frosmoth, F|100/100
|-fieldstart|move: Electric Terrain|[from] ability: Electric Surge|[of] p1a: Pincurchin
|turn|1
|c|☆SausageDemon54|use ur wind move
|c|☆SausageDemon54|i dare u
|c|☆TxHydroo|why not doubles
|n|‽SausageDemon54|sausagedemon54
|
|move|p2a: Frosmoth|Tailwind|p2a: Frosmoth
|-sidestart|p2: TxHydroo|move: Tailwind
|move|p1a: Pincurchin|Thunder Wave|p2a: Frosmoth
|-status|p2a: Frosmoth|par
|
|upkeep
|turn|2
|
|switch|p2a: Dracovish|Dracovish|100/100
|move|p1a: Pincurchin|Toxic Spikes|p2a: Dracovish
|-sidestart|p2: TxHydroo|move: Toxic Spikes
|
|upkeep
|turn|3
|
|move|p2a: Dracovish|Fishious Rend|p1a: Pincurchin
|-damage|p1a: Pincurchin|0 fnt
|-damage|p2a: Dracovish|84/100|[from] item: Rocky Helmet|[of] p1a: Pincurchin
|faint|p1a: Pincurchin
|
|upkeep
|c|☆TxHydroo|LOL
|
|switch|p1a: Grimmsnarl|Grimmsnarl, M|100/100
|turn|4
|
|move|p1a: Grimmsnarl|Trick|p2a: Dracovish
|-activate|p1a: Grimmsnarl|move: Trick|[of] p2a: Dracovish
|-item|p2a: Dracovish|Choice Specs|[from] move: Trick
|-item|p1a: Grimmsnarl|Choice Band|[from] move: Trick
|move|p2a: Dracovish|Fishious Rend|p1a: Grimmsnarl
|-damage|p1a: Grimmsnarl|45/100
|
|-sideend|p2: TxHydroo|move: Tailwind
|upkeep
|turn|5
|
|move|p2a: Dracovish|Fishious Rend|p1a: Grimmsnarl
|-damage|p1a: Grimmsnarl|0 fnt
|faint|p1a: Grimmsnarl
|
|-fieldend|move: Electric Terrain
|upkeep
|
|switch|p1a: Polteageist|Polteageist|100/100
|turn|6
|
|move|p2a: Dracovish|Fishious Rend|p1a: Polteageist
|-damage|p1a: Polteageist|0 fnt
|faint|p1a: Polteageist
|
|upkeep
|
|switch|p1a: Dragapult|Dragapult, F, shiny|100/100
|turn|7
|
|move|p1a: Dragapult|Dragon Darts|p2a: Dracovish
|-supereffective|p2a: Dracovish
|-damage|p2a: Dracovish|0 fnt
|-hitcount|p2a: Dracovish|1
|faint|p2a: Dracovish
|
|upkeep
|
|switch|p2a: Grimmsnarl|Grimmsnarl, M|100/100
|-status|p2a: Grimmsnarl|psn
|turn|8
|
|switch|p1a: Dracozolt|Dracozolt|100/100
|move|p2a: Grimmsnarl|Thunder Wave|p1a: Dracozolt
|-immune|p1a: Dracozolt
|
|-damage|p2a: Grimmsnarl|88/100 psn|[from] psn
|upkeep
|turn|9
|c|☆TxHydroo|wow
|
|move|p2a: Grimmsnarl|Reflect|p2a: Grimmsnarl
|-sidestart|p2: TxHydroo|Reflect
|move|p1a: Dracozolt|Bolt Beak|p2a: Grimmsnarl|[miss]
|-miss|p1a: Dracozolt|p2a: Grimmsnarl
|
|-damage|p2a: Grimmsnarl|76/100 psn|[from] psn
|upkeep
|turn|10
|
|move|p1a: Dracozolt|Bolt Beak|p2a: Grimmsnarl
|-damage|p2a: Grimmsnarl|8/100 psn
|move|p2a: Grimmsnarl|Play Rough|p1a: Dracozolt
|-supereffective|p1a: Dracozolt
|-damage|p1a: Dracozolt|21/100
|
|-damage|p2a: Grimmsnarl|0 fnt|[from] psn
|faint|p2a: Grimmsnarl
|upkeep
|
|switch|p2a: Centiskorch|Centiskorch, M|100/100
|-status|p2a: Centiskorch|psn
|turn|11
|
|move|p1a: Dracozolt|Bolt Beak|p2a: Centiskorch
|-damage|p2a: Centiskorch|17/100 psn
|move|p2a: Centiskorch|Heat Wave|p1a: Dracozolt
|-resisted|p1a: Dracozolt
|-damage|p1a: Dracozolt|0 fnt
|faint|p1a: Dracozolt
|
|-damage|p2a: Centiskorch|5/100 psn|[from] psn
|upkeep
|
|switch|p1a: LOL|Dracovish|100/100
|turn|12
|
|move|p1a: LOL|Fishious Rend|p2a: Centiskorch
|-supereffective|p2a: Centiskorch
|-damage|p2a: Centiskorch|0 fnt
|faint|p2a: Centiskorch
|
|upkeep
|
|switch|p2a: Dracozolt|Dracozolt|100/100
|-status|p2a: Dracozolt|psn
|turn|13
|
|move|p2a: Dracozolt|Bolt Beak|p1a: LOL
|-damage|p1a: LOL|0 fnt
|faint|p1a: LOL
|
|-damage|p2a: Dracozolt|88/100 psn|[from] psn
|upkeep
|
|switch|p1a: Dragapult|Dragapult, F, shiny|100/100
|turn|14
|
|move|p2a: Dracozolt|Bolt Beak|p1a: Dragapult
|-resisted|p1a: Dragapult
|-damage|p1a: Dragapult|31/100
|move|p1a: Dragapult|Dragon Darts|p2a: Dracozolt
|-supereffective|p2a: Dracozolt
|-damage|p2a: Dracozolt|0 fnt
|-hitcount|p2a: Dracozolt|1
|faint|p2a: Dracozolt
|
|upkeep
|
|switch|p2a: Frosmoth|Frosmoth, F|100/100 par
|turn|15
|
|move|p1a: Dragapult|Dragon Darts|p2a: Frosmoth
|-damage|p2a: Frosmoth|44/100 par
|-damage|p2a: Frosmoth|0 fnt
|-hitcount|p2a: Frosmoth|2
|faint|p2a: Frosmoth
|
|upkeep
|
|switch|p2a: Indeedee|Indeedee-F, F|100/100
|-status|p2a: Indeedee|psn
|turn|16
|
|move|p2a: Indeedee|Protect|p2a: Indeedee
|-singleturn|p2a: Indeedee|Protect
|move|p1a: Dragapult|Dragon Darts|p2a: Indeedee
|-activate|p2a: Indeedee|move: Protect
|
|-damage|p2a: Indeedee|88/100 psn|[from] psn
|-sideend|p2: TxHydroo|Reflect
|upkeep
|turn|17
|
|move|p1a: Dragapult|Dragon Darts|p2a: Indeedee
|-damage|p2a: Indeedee|23/100 psn
|-damage|p2a: Indeedee|0 fnt
|-hitcount|p2a: Indeedee|2
|faint|p2a: Indeedee
|
|win|SausageDemon54
