|ScrapeTime|2020-01-02-10:45:05
|j|☆MyLordDIO
|j|☆DDHmemeteamtesting
|player|p1|MyLordDIO|92|1327
|player|p2|DDHmemeteamtesting|148|1350
|teamsize|p1|6
|teamsize|p2|6
|gametype|singles
|gen|8
|tier|[Gen 8] OU
|rated|
|rule|Sleep Clause Mod: Limit one foe put to sleep
|rule|Species Clause: Limit one of each Pokémon
|rule|OHKO Clause: OHKO moves are banned
|rule|Evasion Moves Clause: Evasion moves are banned
|rule|Endless Battle Clause: Forcing endless battles is banned
|rule|HP Percentage Mod: HP is shown in percentages
|clearpoke
|poke|p1|Seismitoad, M|
|poke|p1|Aegislash, M|
|poke|p1|Mandibuzz, F|
|poke|p1|Hitmontop, M|
|poke|p1|Roserade, F|
|poke|p1|Arcanine, F|
|poke|p2|Tyranitar, M|
|poke|p2|Clefable, M|
|poke|p2|Corviknight, F|
|poke|p2|Dugtrio, M|
|poke|p2|Vaporeon, F|
|poke|p2|Gengar, M|
|rule|Dynamax Clause: You cannot dynamax
|teampreview
|inactive|Battle timer is ON: inactive players will automatically lose when time's up. (requested by MyLordDIO)
|inactive|DDHmemeteamtesting has 120 seconds left.
|j| Riteshgupta
|l| Riteshgupta
|
|start
|switch|p1a: Mandibuzz|Mandibuzz, F, shiny|100/100
|switch|p2a: Clefable|Clefable, M|100/100
|turn|1
|
|switch|p1a: Arcanine|Arcanine, F|100/100
|-ability|p1a: Arcanine|Intimidate|boost
|-unboost|p2a: Clefable|atk|1
|move|p2a: Clefable|Moonblast|p1a: Arcanine
|-resisted|p1a: Arcanine
|-damage|p1a: Arcanine|76/100
|
|upkeep
|turn|2
|
|switch|p2a: Dugtrio|Dugtrio, M|100/100
|move|p1a: Arcanine|Flare Blitz|p2a: Dugtrio
|-enditem|p2a: Dugtrio|Focus Sash
|-damage|p2a: Dugtrio|1/100
|-damage|p1a: Arcanine|58/100|[from] Recoil
|
|upkeep
|turn|3
|
|move|p2a: Dugtrio|Earthquake|p1a: Arcanine
|-supereffective|p1a: Arcanine
|-damage|p1a: Arcanine|0 fnt
|faint|p1a: Arcanine
|
|upkeep
|
|switch|p1a: Hitmontop|Hitmontop, M, shiny|100/100
|-ability|p1a: Hitmontop|Intimidate|boost
|-unboost|p2a: Dugtrio|atk|1
|turn|4
|
|switch|p2a: Corviknight|Corviknight, F|100/100
|-ability|p2a: Corviknight|Pressure
|move|p1a: Hitmontop|Mach Punch|p2a: Corviknight
|-damage|p2a: Corviknight|91/100
|
|-heal|p2a: Corviknight|97/100|[from] item: Leftovers
|upkeep
|turn|5
|
|switch|p1a: Aegislash|Aegislash, M, shiny|100/100
|move|p2a: Corviknight|U-turn|p1a: Aegislash
|-resisted|p1a: Aegislash
|-crit|p1a: Aegislash
|-damage|p1a: Aegislash|97/100
|
|switch|p2a: Tyranitar|Tyranitar, M, shiny|100/100|[from]move: U-turn
|-weather|Sandstorm|[from] ability: Sand Stream|[of] p2a: Tyranitar
|
|-weather|Sandstorm|[upkeep]
|upkeep
|turn|6
|
|move|p2a: Tyranitar|Crunch|p1a: Aegislash
|-supereffective|p1a: Aegislash
|-damage|p1a: Aegislash|32/100
|-formechange|p1a: Aegislash|Aegislash-Blade||[from] ability: Stance Change
|move|p1a: Aegislash|Gyro Ball|p2a: Tyranitar
|-supereffective|p2a: Tyranitar
|-damage|p2a: Tyranitar|56/100
|-damage|p1a: Aegislash|22/100|[from] item: Life Orb
|
|-weather|Sandstorm|[upkeep]
|upkeep
|turn|7
|
|switch|p1a: Hitmontop|Hitmontop, M, shiny|100/100
|-ability|p1a: Hitmontop|Intimidate|boost
|-unboost|p2a: Tyranitar|atk|1
|move|p2a: Tyranitar|Crunch|p1a: Hitmontop
|-resisted|p1a: Hitmontop
|-damage|p1a: Hitmontop|89/100
|
|-weather|Sandstorm|[upkeep]
|-damage|p1a: Hitmontop|82/100|[from] Sandstorm
|-heal|p1a: Hitmontop|89/100|[from] item: Leftovers
|upkeep
|turn|8
|
|switch|p2a: Corviknight|Corviknight, F|97/100
|-ability|p2a: Corviknight|Pressure
|move|p1a: Hitmontop|Earthquake|p2a: Corviknight
|-immune|p2a: Corviknight
|
|-weather|Sandstorm|[upkeep]
|-damage|p1a: Hitmontop|82/100|[from] Sandstorm
|-heal|p1a: Hitmontop|89/100|[from] item: Leftovers
|-heal|p2a: Corviknight|100/100|[from] item: Leftovers
|upkeep
|turn|9
|
|switch|p1a: Mandibuzz|Mandibuzz, F, shiny|100/100
|move|p2a: Corviknight|U-turn|p1a: Mandibuzz
|-damage|p1a: Mandibuzz|90/100
|
|switch|p2a: Clefable|Clefable, M|100/100|[from]move: U-turn
|
|-weather|none
|-heal|p1a: Mandibuzz|96/100|[from] item: Leftovers
|upkeep
|turn|10
|
|switch|p1a: Roserade|Roserade, F|100/100
|move|p2a: Clefable|Moonblast|p1a: Roserade
|-resisted|p1a: Roserade
|-crit|p1a: Roserade
|-damage|p1a: Roserade|58/100
|
|-heal|p1a: Roserade|64/100|[from] item: Black Sludge
|upkeep
|turn|11
|
|switch|p2a: Corviknight|Corviknight, F|100/100
|-ability|p2a: Corviknight|Pressure
|move|p1a: Roserade|Giga Drain|p2a: Corviknight
|-resisted|p2a: Corviknight
|-damage|p2a: Corviknight|94/100
|-heal|p1a: Roserade|69/100|[from] drain|[of] p2a: Corviknight
|
|-heal|p1a: Roserade|75/100|[from] item: Black Sludge
|-heal|p2a: Corviknight|99/100|[from] item: Leftovers
|upkeep
|turn|12
|inactive|MyLordDIO has 120 seconds left.
|
|move|p1a: Roserade|Spikes|p2a: Corviknight
|-sidestart|p2: DDHmemeteamtesting|Spikes
|move|p2a: Corviknight|U-turn|p1a: Roserade
|-damage|p1a: Roserade|60/100
|
|switch|p2a: Gengar|Gengar, M|100/100|[from]move: U-turn
|-damage|p2a: Gengar|88/100|[from] Spikes
|
|-heal|p1a: Roserade|67/100|[from] item: Black Sludge
|upkeep
|turn|13
|
|switch|p1a: Hitmontop|Hitmontop, M, shiny|89/100
|-ability|p1a: Hitmontop|Intimidate|boost
|-unboost|p2a: Gengar|atk|1
|move|p2a: Gengar|Shadow Ball|p1a: Hitmontop
|-damage|p1a: Hitmontop|55/100
|
|-heal|p1a: Hitmontop|61/100|[from] item: Leftovers
|upkeep
|turn|14
|
|switch|p2a: Corviknight|Corviknight, F|99/100
|-ability|p2a: Corviknight|Pressure
|move|p1a: Hitmontop|Mach Punch|p2a: Corviknight
|-damage|p2a: Corviknight|90/100
|
|-heal|p1a: Hitmontop|67/100|[from] item: Leftovers
|-heal|p2a: Corviknight|96/100|[from] item: Leftovers
|upkeep
|turn|15
|
|switch|p1a: Mandibuzz|Mandibuzz, F, shiny|96/100
|move|p2a: Corviknight|Defog|p1a: Mandibuzz
|-unboost|p1a: Mandibuzz|evasion|1
|-sideend|p2: DDHmemeteamtesting|Spikes|[from] move: Defog|[of] p2a: Corviknight
|
|-heal|p1a: Mandibuzz|100/100|[from] item: Leftovers
|-heal|p2a: Corviknight|100/100|[from] item: Leftovers
|upkeep
|turn|16
|
|move|p1a: Mandibuzz|Knock Off|p2a: Corviknight
|-damage|p2a: Corviknight|84/100
|-enditem|p2a: Corviknight|Leftovers|[from] move: Knock Off|[of] p1a: Mandibuzz
|move|p2a: Corviknight|Body Press|p1a: Mandibuzz
|-damage|p1a: Mandibuzz|86/100
|
|-heal|p1a: Mandibuzz|92/100|[from] item: Leftovers
|upkeep
|turn|17
|
|move|p1a: Mandibuzz|Knock Off|p2a: Corviknight
|-damage|p2a: Corviknight|72/100
|move|p2a: Corviknight|U-turn|p1a: Mandibuzz
|-damage|p1a: Mandibuzz|81/100
|
|switch|p2a: Clefable|Clefable, M|100/100|[from]move: U-turn
|
|-heal|p1a: Mandibuzz|88/100|[from] item: Leftovers
|upkeep
|turn|18
|
|switch|p1a: Roserade|Roserade, F|67/100
|move|p2a: Clefable|Moonblast|p1a: Roserade
|-resisted|p1a: Roserade
|-damage|p1a: Roserade|40/100
|
|-heal|p1a: Roserade|46/100|[from] item: Black Sludge
|upkeep
|turn|19
|
|switch|p2a: Corviknight|Corviknight, F|72/100
|-ability|p2a: Corviknight|Pressure
|move|p1a: Roserade|Spikes|p2a: Corviknight
|-sidestart|p2: DDHmemeteamtesting|Spikes
|
|-heal|p1a: Roserade|52/100|[from] item: Black Sludge
|upkeep
|turn|20
|
|move|p1a: Roserade|Spikes|p2a: Corviknight
|-sidestart|p2: DDHmemeteamtesting|Spikes
|move|p2a: Corviknight|Defog|p1a: Roserade
|-unboost|p1a: Roserade|evasion|1
|-sideend|p2: DDHmemeteamtesting|Spikes|[from] move: Defog|[of] p2a: Corviknight
|
|-heal|p1a: Roserade|59/100|[from] item: Black Sludge
|upkeep
|turn|21
|
|move|p1a: Roserade|Spikes|p2a: Corviknight
|-sidestart|p2: DDHmemeteamtesting|Spikes
|move|p2a: Corviknight|U-turn|p1a: Roserade
|-damage|p1a: Roserade|45/100
|
|switch|p2a: Tyranitar|Tyranitar, M, shiny|56/100|[from]move: U-turn
|-damage|p2a: Tyranitar|44/100|[from] Spikes
|-weather|Sandstorm|[from] ability: Sand Stream|[of] p2a: Tyranitar
|
|-weather|Sandstorm|[upkeep]
|-damage|p1a: Roserade|39/100|[from] Sandstorm
|-heal|p1a: Roserade|45/100|[from] item: Black Sludge
|upkeep
|turn|22
|
|switch|p1a: Hitmontop|Hitmontop, M, shiny|67/100
|-ability|p1a: Hitmontop|Intimidate|boost
|-unboost|p2a: Tyranitar|atk|1
|move|p2a: Tyranitar|Heavy Slam|p1a: Hitmontop
|-damage|p1a: Hitmontop|45/100
|
|-weather|Sandstorm|[upkeep]
|-damage|p1a: Hitmontop|38/100|[from] Sandstorm
|-heal|p1a: Hitmontop|45/100|[from] item: Leftovers
|upkeep
|turn|23
|
|switch|p2a: Corviknight|Corviknight, F|72/100
|-ability|p2a: Corviknight|Pressure
|move|p1a: Hitmontop|Rest|p1a: Hitmontop
|-status|p1a: Hitmontop|slp|[from] move: Rest
|-heal|p1a: Hitmontop|100/100 slp|[silent]
|
|-weather|Sandstorm|[upkeep]
|-damage|p1a: Hitmontop|94/100 slp|[from] Sandstorm
|-heal|p1a: Hitmontop|100/100 slp|[from] item: Leftovers
|upkeep
|turn|24
|
|switch|p1a: Roserade|Roserade, F|45/100
|move|p2a: Corviknight|Body Press|p1a: Roserade
|-resisted|p1a: Roserade
|-damage|p1a: Roserade|34/100
|
|-weather|Sandstorm|[upkeep]
|-damage|p1a: Roserade|28/100|[from] Sandstorm
|-heal|p1a: Roserade|34/100|[from] item: Black Sludge
|upkeep
|turn|25
|
|move|p1a: Roserade|Aromatherapy|p1a: Roserade
|-activate|p1a: Roserade|move: Aromatherapy
|-curestatus|p1: Hitmontop|slp|[msg]
|move|p2a: Corviknight|Defog|p1a: Roserade
|-unboost|p1a: Roserade|evasion|1
|-sideend|p2: DDHmemeteamtesting|Spikes|[from] move: Defog|[of] p2a: Corviknight
|
|-weather|none
|-heal|p1a: Roserade|40/100|[from] item: Black Sludge
|upkeep
|turn|26
|
|move|p1a: Roserade|Rest|p1a: Roserade
|-status|p1a: Roserade|slp|[from] move: Rest
|-heal|p1a: Roserade|100/100 slp|[silent]
|move|p2a: Corviknight|U-turn|p1a: Roserade
|-damage|p1a: Roserade|86/100 slp
|
|switch|p2a: Gengar|Gengar, M|88/100|[from]move: U-turn
|
|-heal|p1a: Roserade|92/100 slp|[from] item: Black Sludge
|upkeep
|turn|27
|
|switch|p1a: Mandibuzz|Mandibuzz, F, shiny|88/100
|move|p2a: Gengar|Sludge Wave|p1a: Mandibuzz
|-crit|p1a: Mandibuzz
|-damage|p1a: Mandibuzz|38/100
|
|-heal|p1a: Mandibuzz|44/100|[from] item: Leftovers
|upkeep
|turn|28
|
|move|p2a: Gengar|Sludge Wave|p1a: Mandibuzz
|-damage|p1a: Mandibuzz|9/100
|-status|p1a: Mandibuzz|psn
|move|p1a: Mandibuzz|Roost|p1a: Mandibuzz
|-heal|p1a: Mandibuzz|59/100 psn
|-singleturn|p1a: Mandibuzz|move: Roost
|
|-heal|p1a: Mandibuzz|65/100 psn|[from] item: Leftovers
|-damage|p1a: Mandibuzz|53/100 psn|[from] psn
|upkeep
|turn|29
|
|switch|p2a: Corviknight|Corviknight, F|72/100
|-ability|p2a: Corviknight|Pressure
|move|p1a: Mandibuzz|Roost|p1a: Mandibuzz
|-heal|p1a: Mandibuzz|100/100 psn
|-singleturn|p1a: Mandibuzz|move: Roost
|
|-damage|p1a: Mandibuzz|88/100 psn|[from] psn
|upkeep
|turn|30
|
|switch|p1a: Roserade|Roserade, F|92/100
|move|p2a: Corviknight|Roost|p2a: Corviknight
|-heal|p2a: Corviknight|100/100
|-singleturn|p2a: Corviknight|move: Roost
|
|-heal|p1a: Roserade|98/100|[from] item: Black Sludge
|upkeep
|turn|31
|
|switch|p2a: Clefable|Clefable, M|100/100
|move|p1a: Roserade|Aromatherapy|p1a: Roserade
|-activate|p1a: Roserade|move: Aromatherapy
|-curestatus|p1: Mandibuzz|psn|[msg]
|
|-heal|p1a: Roserade|100/100|[from] item: Black Sludge
|upkeep
|turn|32
|
|move|p1a: Roserade|Spikes|p2a: Clefable
|-sidestart|p2: DDHmemeteamtesting|Spikes
|move|p2a: Clefable|Flamethrower|p1a: Roserade
|-supereffective|p1a: Roserade
|-damage|p1a: Roserade|30/100
|
|-heal|p1a: Roserade|37/100|[from] item: Black Sludge
|upkeep
|turn|33
|
|move|p1a: Roserade|Rest|p1a: Roserade
|-status|p1a: Roserade|slp|[from] move: Rest
|-heal|p1a: Roserade|100/100 slp|[silent]
|move|p2a: Clefable|Moonblast|p1a: Roserade
|-resisted|p1a: Roserade
|-damage|p1a: Roserade|69/100 slp
|-unboost|p1a: Roserade|spa|1
|
|-heal|p1a: Roserade|76/100 slp|[from] item: Black Sludge
|upkeep
|turn|34
|
|-curestatus|p1a: Roserade|slp|[from] ability: Natural Cure
|switch|p1a: Seismitoad|Seismitoad, M|100/100
|move|p2a: Clefable|Flamethrower|p1a: Seismitoad
|-resisted|p1a: Seismitoad
|-damage|p1a: Seismitoad|83/100
|
|-heal|p1a: Seismitoad|89/100|[from] item: Leftovers
|upkeep
|turn|35
|
|move|p2a: Clefable|Moonblast|p1a: Seismitoad
|-damage|p1a: Seismitoad|27/100
|-unboost|p1a: Seismitoad|spa|1
|move|p1a: Seismitoad|Stealth Rock|p2a: Clefable
|-sidestart|p2: DDHmemeteamtesting|move: Stealth Rock
|
|-heal|p1a: Seismitoad|33/100|[from] item: Leftovers
|upkeep
|turn|36
|
|switch|p1a: Aegislash|Aegislash, M, shiny|22/100
|move|p2a: Clefable|Moonblast|p1a: Aegislash
|-resisted|p1a: Aegislash
|-damage|p1a: Aegislash|1/100
|
|upkeep
|turn|37
|
|-formechange|p1a: Aegislash|Aegislash-Blade||[from] ability: Stance Change
|move|p1a: Aegislash|Shadow Sneak|p2a: Clefable
|-damage|p2a: Clefable|66/100
|-damage|p1a: Aegislash|0 fnt|[from] item: Life Orb
|faint|p1a: Aegislash
|move|p2a: Clefable|Moonblast|p1: Aegislash|[notarget]
|-fail|p2a: Clefable
|
|upkeep
|
|switch|p1a: Roserade|Roserade, F|76/100
|turn|38
|
|move|p1a: Roserade|Giga Drain|p2a: Clefable
|-damage|p2a: Clefable|35/100
|-heal|p1a: Roserade|94/100|[from] drain|[of] p2a: Clefable
|move|p2a: Clefable|Flamethrower|p1a: Roserade
|-supereffective|p1a: Roserade
|-damage|p1a: Roserade|28/100
|
|-heal|p1a: Roserade|34/100|[from] item: Black Sludge
|upkeep
|turn|39
|
|move|p1a: Roserade|Giga Drain|p2a: Clefable
|-damage|p2a: Clefable|3/100
|-heal|p1a: Roserade|53/100|[from] drain|[of] p2a: Clefable
|move|p2a: Clefable|Moonlight|p2a: Clefable
|-heal|p2a: Clefable|53/100
|
|-heal|p1a: Roserade|59/100|[from] item: Black Sludge
|upkeep
|turn|40
|
|move|p1a: Roserade|Giga Drain|p2a: Clefable
|-damage|p2a: Clefable|21/100
|-heal|p1a: Roserade|77/100|[from] drain|[of] p2a: Clefable
|move|p2a: Clefable|Flamethrower|p1a: Roserade
|-supereffective|p1a: Roserade
|-damage|p1a: Roserade|6/100
|
|-heal|p1a: Roserade|12/100|[from] item: Black Sludge
|upkeep
|turn|41
|
|switch|p2a: Dugtrio|Dugtrio, M|1/100
|-damage|p2a: Dugtrio|0 fnt|[from] Spikes
|faint|p2a: Dugtrio
|move|p1a: Roserade|Rest|p1a: Roserade
|-status|p1a: Roserade|slp|[from] move: Rest
|-heal|p1a: Roserade|100/100 slp|[silent]
|
|upkeep
|
|switch|p2a: Corviknight|Corviknight, F|100/100
|-damage|p2a: Corviknight|88/100|[from] Stealth Rock
|-ability|p2a: Corviknight|Pressure
|turn|42
|
|-curestatus|p1a: Roserade|slp|[from] ability: Natural Cure
|switch|p1a: Mandibuzz|Mandibuzz, F, shiny|88/100
|move|p2a: Corviknight|Defog|p1a: Mandibuzz
|-unboost|p1a: Mandibuzz|evasion|1
|-sideend|p2: DDHmemeteamtesting|Spikes|[from] move: Defog|[of] p2a: Corviknight
|-sideend|p2: DDHmemeteamtesting|Stealth Rock|[from] move: Defog|[of] p2a: Corviknight
|
|-heal|p1a: Mandibuzz|94/100|[from] item: Leftovers
|upkeep
|turn|43
|
|move|p1a: Mandibuzz|Knock Off|p2a: Corviknight
|-damage|p2a: Corviknight|78/100
|move|p2a: Corviknight|U-turn|p1a: Mandibuzz
|-damage|p1a: Mandibuzz|85/100
|
|switch|p2a: Clefable|Clefable, M|21/100|[from]move: U-turn
|
|-heal|p1a: Mandibuzz|91/100|[from] item: Leftovers
|upkeep
|turn|44
|
|switch|p1a: Roserade|Roserade, F|100/100
|move|p2a: Clefable|Moonlight|p2a: Clefable
|-heal|p2a: Clefable|71/100
|
|upkeep
|turn|45
|
|switch|p2a: Gengar|Gengar, M|88/100
|move|p1a: Roserade|Giga Drain|p2a: Gengar
|-resisted|p2a: Gengar
|-damage|p2a: Gengar|64/100
|
|upkeep
|turn|46
|
|switch|p1a: Mandibuzz|Mandibuzz, F, shiny|91/100
|move|p2a: Gengar|Trick|p1a: Mandibuzz
|-activate|p2a: Gengar|move: Trick|[of] p1a: Mandibuzz
|-item|p1a: Mandibuzz|Choice Scarf|[from] move: Trick
|-item|p2a: Gengar|Leftovers|[from] move: Trick
|
|-heal|p2a: Gengar|70/100|[from] item: Leftovers
|upkeep
|turn|47
|
|switch|p2a: Corviknight|Corviknight, F|78/100
|-ability|p2a: Corviknight|Pressure
|move|p1a: Mandibuzz|Knock Off|p2a: Corviknight
|-damage|p2a: Corviknight|66/100
|
|upkeep
|turn|48
|
|switch|p1a: Roserade|Roserade, F|100/100
|move|p2a: Corviknight|Roost|p2a: Corviknight
|-heal|p2a: Corviknight|100/100
|-singleturn|p2a: Corviknight|move: Roost
|
|upkeep
|turn|49
|
|switch|p2a: Gengar|Gengar, M|70/100
|move|p1a: Roserade|Spikes|p2a: Gengar
|-sidestart|p2: DDHmemeteamtesting|Spikes
|
|-heal|p2a: Gengar|76/100|[from] item: Leftovers
|upkeep
|turn|50
|
|switch|p1a: Mandibuzz|Mandibuzz, F, shiny|91/100
|move|p2a: Gengar|Sludge Wave|p1a: Mandibuzz
|-damage|p1a: Mandibuzz|57/100
|
|-heal|p2a: Gengar|82/100|[from] item: Leftovers
|upkeep
|turn|51
|
|switch|p2a: Corviknight|Corviknight, F|100/100
|-ability|p2a: Corviknight|Pressure
|move|p1a: Mandibuzz|Knock Off|p2a: Corviknight
|-damage|p2a: Corviknight|89/100
|
|upkeep
|turn|52
|
|switch|p1a: Roserade|Roserade, F|100/100
|move|p2a: Corviknight|U-turn|p1a: Roserade
|-damage|p1a: Roserade|85/100
|
|switch|p2a: Gengar|Gengar, M|82/100|[from]move: U-turn
|-damage|p2a: Gengar|70/100|[from] Spikes
|
|-heal|p2a: Gengar|76/100|[from] item: Leftovers
|-heal|p1a: Roserade|91/100|[from] item: Black Sludge
|upkeep
|turn|53
|
|move|p2a: Gengar|Sludge Wave|p1a: Roserade
|-damage|p1a: Roserade|45/100
|move|p1a: Roserade|Spikes|p2a: Gengar
|-sidestart|p2: DDHmemeteamtesting|Spikes
|
|-heal|p2a: Gengar|82/100|[from] item: Leftovers
|-heal|p1a: Roserade|51/100|[from] item: Black Sludge
|upkeep
|turn|54
|
|move|p2a: Gengar|Sludge Wave|p1a: Roserade
|-damage|p1a: Roserade|0 fnt
|faint|p1a: Roserade
|
|-heal|p2a: Gengar|89/100|[from] item: Leftovers
|upkeep
|c|☆MyLordDIO|Oh fuk of
|c|☆MyLordDIO|Thats 4 more point than it was
|
|switch|p1a: Seismitoad|Seismitoad, M|33/100
|turn|55
|
|move|p2a: Gengar|Energy Ball|p1a: Seismitoad
|-supereffective|p1a: Seismitoad
|-damage|p1a: Seismitoad|0 fnt
|faint|p1a: Seismitoad
|
|-heal|p2a: Gengar|95/100|[from] item: Leftovers
|upkeep
|-message|MyLordDIO forfeited.
|
|win|DDHmemeteamtesting
|l|☆MyLordDIO
|raw|MyLordDIO's rating: 1327 → 1308(-19 for losing)
|raw|DDHmemeteamtesting's rating: 1350 → 1369(+19 for winning)
