|ScrapeTime|2020-01-02-08:05:00
|j|☆likemecheesywee
|j|☆KamiDende ☯
|player|p1|likemecheesywee|266|
|player|p2|KamiDende ☯|lusamine-nihilego|
|teamsize|p1|6
|teamsize|p2|6
|gametype|singles
|gen|8
|tier|[Gen 8] OU
|rated|Tournament battle
|rule|Sleep Clause Mod: Limit one foe put to sleep
|rule|Species Clause: Limit one of each Pokémon
|rule|OHKO Clause: OHKO moves are banned
|rule|Evasion Moves Clause: Evasion moves are banned
|rule|Endless Battle Clause: Forcing endless battles is banned
|rule|HP Percentage Mod: HP is shown in percentages
|rule|Dynamax Clause: You cannot dynamax
|
|start
|switch|p1a: Conkeldurr|Conkeldurr, F|100/100
|switch|p2a: Ferrothorn|Ferrothorn, F|100/100
|turn|1
|j|*Lady Monita
|j| AceAndre
|c|☆KamiDende ☯|glhf
|
|move|p1a: Conkeldurr|Earthquake|p2a: Ferrothorn
|-damage|p2a: Ferrothorn|78/100
|move|p2a: Ferrothorn|Leech Seed|p1a: Conkeldurr
|-start|p1a: Conkeldurr|move: Leech Seed
|
|-heal|p2a: Ferrothorn|85/100|[from] item: Leftovers
|-damage|p1a: Conkeldurr|88/100|[from] Leech Seed|[of] p2a: Ferrothorn
|-heal|p2a: Ferrothorn|97/100|[silent]
|-status|p1a: Conkeldurr|brn|[from] item: Flame Orb
|upkeep
|turn|2
|
|switch|p1a: Rotom|Rotom-Heat|100/100
|move|p2a: Ferrothorn|Spikes|p1a: Rotom
|-sidestart|p1: likemecheesywee|Spikes
|
|-heal|p2a: Ferrothorn|100/100|[from] item: Leftovers
|upkeep
|turn|3
|
|move|p1a: Rotom|Volt Switch|p2a: Ferrothorn
|-resisted|p2a: Ferrothorn
|-damage|p2a: Ferrothorn|89/100
|
|switch|p1a: Corviknight|Corviknight, M|100/100|[from]move: Volt Switch
|-ability|p1a: Corviknight|Pressure
|move|p2a: Ferrothorn|Spikes|p1a: Corviknight
|-sidestart|p1: likemecheesywee|Spikes
|
|-heal|p2a: Ferrothorn|96/100|[from] item: Leftovers
|upkeep
|turn|4
|
|switch|p2a: Clefable|Clefable, F|100/100
|move|p1a: Corviknight|Defog|p2a: Clefable
|-unboost|p2a: Clefable|evasion|1
|-sideend|p1: likemecheesywee|Spikes|[from] move: Defog|[of] p1a: Corviknight
|
|upkeep
|turn|5
|
|move|p1a: Corviknight|Iron Head|p2a: Clefable
|-supereffective|p2a: Clefable
|-damage|p2a: Clefable|42/100
|move|p2a: Clefable|Fire Blast|p1a: Corviknight
|-supereffective|p1a: Corviknight
|-damage|p1a: Corviknight|24/100
|-status|p1a: Corviknight|brn
|
|-heal|p1a: Corviknight|30/100 brn|[from] item: Leftovers
|-damage|p1a: Corviknight|24/100 brn|[from] brn
|upkeep
|turn|6
|
|move|p1a: Corviknight|Iron Head|p2a: Clefable
|-supereffective|p2a: Clefable
|-damage|p2a: Clefable|12/100
|move|p2a: Clefable|Moonlight|p2a: Clefable
|-heal|p2a: Clefable|61/100
|
|-heal|p1a: Corviknight|30/100 brn|[from] item: Leftovers
|-damage|p1a: Corviknight|24/100 brn|[from] brn
|upkeep
|turn|7
|
|move|p1a: Corviknight|U-turn|p2a: Clefable
|-resisted|p2a: Clefable
|-damage|p2a: Clefable|57/100
|
|switch|p1a: Rotom|Rotom-Heat|100/100|[from]move: U-turn
|move|p2a: Clefable|Moonlight|p2a: Clefable
|-heal|p2a: Clefable|100/100
|
|upkeep
|turn|8
|
|move|p1a: Rotom|Nasty Plot|p1a: Rotom
|-boost|p1a: Rotom|spa|2
|move|p2a: Clefable|Moonblast|p1a: Rotom
|-resisted|p1a: Rotom
|-damage|p1a: Rotom|68/100
|
|upkeep
|turn|9
|
|move|p1a: Rotom|Overheat|p2a: Clefable
|-damage|p2a: Clefable|0 fnt
|-unboost|p1a: Rotom|spa|2
|faint|p2a: Clefable
|
|upkeep
|
|switch|p2a: Dragapult|Dragapult, F|100/100
|turn|10
|
|switch|p1a: Clefable|Clefable, M|100/100
|move|p2a: Dragapult|Dragon Dance|p2a: Dragapult
|-boost|p2a: Dragapult|atk|1
|-boost|p2a: Dragapult|spe|1
|
|upkeep
|turn|11
|j| thats my pot pie
|
|move|p2a: Dragapult|Phantom Force||[still]
|-prepare|p2a: Dragapult|Phantom Force|p1a: Clefable
|move|p1a: Clefable|Wish|p1a: Clefable
|
|upkeep
|turn|12
|
|move|p2a: Dragapult|Phantom Force|p1a: Clefable|[from]lockedmove
|-damage|p1a: Clefable|22/100
|-damage|p2a: Dragapult|91/100|[from] item: Life Orb
|move|p1a: Clefable|Moonblast|p2a: Dragapult
|-supereffective|p2a: Dragapult
|-damage|p2a: Dragapult|9/100
|
|-heal|p1a: Clefable|72/100|[from] move: Wish|[wisher] Clefable
|-heal|p1a: Clefable|78/100|[from] item: Leftovers
|upkeep
|turn|13
|l| thats my pot pie
|
|switch|p2a: Excadrill|Excadrill, F|100/100
|-ability|p2a: Excadrill|Mold Breaker
|move|p1a: Clefable|Moonblast|p2a: Excadrill
|-resisted|p2a: Excadrill
|-damage|p2a: Excadrill|78/100
|
|-heal|p1a: Clefable|84/100|[from] item: Leftovers
|upkeep
|turn|14
|
|switch|p1a: Corviknight|Corviknight, M|24/100 brn
|-ability|p1a: Corviknight|Pressure
|move|p2a: Excadrill|Iron Head|p1a: Corviknight
|-resisted|p1a: Corviknight
|-damage|p1a: Corviknight|5/100 brn
|
|-heal|p1a: Corviknight|11/100 brn|[from] item: Leftovers
|-damage|p1a: Corviknight|5/100 brn|[from] brn
|upkeep
|turn|15
|
|move|p2a: Excadrill|Iron Head|p1a: Corviknight
|-resisted|p1a: Corviknight
|-damage|p1a: Corviknight|0 fnt
|faint|p1a: Corviknight
|
|upkeep
|
|switch|p1a: Conkeldurr|Conkeldurr, F|88/100 brn
|turn|16
|
|move|p2a: Excadrill|Earthquake|p1a: Conkeldurr
|-damage|p1a: Conkeldurr|30/100 brn
|move|p1a: Conkeldurr|Earthquake|p2a: Excadrill
|-supereffective|p2a: Excadrill
|-damage|p2a: Excadrill|0 fnt
|faint|p2a: Excadrill
|
|-damage|p1a: Conkeldurr|24/100 brn|[from] brn
|upkeep
|
|switch|p2a: Dragapult|Dragapult, F|9/100
|turn|17
|
|switch|p1a: Clefable|Clefable, M|84/100
|move|p2a: Dragapult|Dragon Dance|p2a: Dragapult
|-boost|p2a: Dragapult|atk|1
|-boost|p2a: Dragapult|spe|1
|
|-heal|p1a: Clefable|90/100|[from] item: Leftovers
|upkeep
|turn|18
|
|move|p2a: Dragapult|Phantom Force||[still]
|-prepare|p2a: Dragapult|Phantom Force|p1a: Clefable
|move|p1a: Clefable|Moonblast|p2a: Dragapult|[miss]
|-miss|p1a: Clefable|p2a: Dragapult
|
|-heal|p1a: Clefable|96/100|[from] item: Leftovers
|upkeep
|turn|19
|
|move|p2a: Dragapult|Phantom Force|p1a: Clefable|[from]lockedmove
|-damage|p1a: Clefable|19/100
|-damage|p2a: Dragapult|0 fnt|[from] item: Life Orb
|faint|p2a: Dragapult
|move|p1a: Clefable|Moonblast|p2: Dragapult|[notarget]
|-fail|p1a: Clefable
|
|-heal|p1a: Clefable|25/100|[from] item: Leftovers
|upkeep
|
|switch|p2a: Seismitoad|Seismitoad, M|100/100
|turn|20
|
|move|p2a: Seismitoad|Earth Power|p1a: Clefable
|-damage|p1a: Clefable|0 fnt
|faint|p1a: Clefable
|
|upkeep
|
|switch|p1a: Conkeldurr|Conkeldurr, F|24/100 brn
|turn|21
|
|move|p2a: Seismitoad|Scald|p1a: Conkeldurr
|-damage|p1a: Conkeldurr|0 fnt
|faint|p1a: Conkeldurr
|
|upkeep
|
|switch|p1a: Seismitoad|Seismitoad, M|100/100
|turn|22
|
|move|p2a: Seismitoad|Toxic|p1a: Seismitoad
|-status|p1a: Seismitoad|tox
|move|p1a: Seismitoad|Toxic|p2a: Seismitoad
|-status|p2a: Seismitoad|tox
|
|-damage|p2a: Seismitoad|95/100 tox|[from] psn
|-damage|p1a: Seismitoad|94/100 tox|[from] psn
|upkeep
|turn|23
|
|move|p2a: Seismitoad|Stealth Rock|p1a: Seismitoad
|-sidestart|p1: likemecheesywee|move: Stealth Rock
|move|p1a: Seismitoad|Stealth Rock|p2a: Seismitoad
|-sidestart|p2: KamiDende ☯|move: Stealth Rock
|
|-heal|p2a: Seismitoad|100/100 tox|[from] item: Leftovers
|-heal|p1a: Seismitoad|100/100 tox|[from] item: Leftovers
|-damage|p2a: Seismitoad|89/100 tox|[from] psn
|-damage|p1a: Seismitoad|88/100 tox|[from] psn
|upkeep
|turn|24
|
|move|p2a: Seismitoad|Earth Power|p1a: Seismitoad
|-damage|p1a: Seismitoad|50/100 tox
|move|p1a: Seismitoad|Earthquake|p2a: Seismitoad
|-damage|p2a: Seismitoad|49/100 tox
|
|-heal|p2a: Seismitoad|55/100 tox|[from] item: Leftovers
|-heal|p1a: Seismitoad|57/100 tox|[from] item: Leftovers
|-damage|p2a: Seismitoad|37/100 tox|[from] psn
|-damage|p1a: Seismitoad|38/100 tox|[from] psn
|upkeep
|turn|25
|c|☆KamiDende ☯|lmao
|
|move|p2a: Seismitoad|Earth Power|p1a: Seismitoad
|-damage|p1a: Seismitoad|0 fnt
|faint|p1a: Seismitoad
|
|-heal|p2a: Seismitoad|43/100 tox|[from] item: Leftovers
|-damage|p2a: Seismitoad|19/100 tox|[from] psn
|upkeep
|
|switch|p1a: Dragapult|Dragapult, M|100/100
|-damage|p1a: Dragapult|88/100|[from] Stealth Rock
|turn|26
|
|move|p1a: Dragapult|Dragon Darts|p2a: Seismitoad
|-damage|p2a: Seismitoad|0 fnt
|-hitcount|p2a: Seismitoad|1
|faint|p2a: Seismitoad
|
|-heal|p1a: Dragapult|94/100|[from] item: Leftovers
|upkeep
|
|switch|p2a: Ferrothorn|Ferrothorn, F|96/100
|-damage|p2a: Ferrothorn|89/100|[from] Stealth Rock
|turn|27
|
|move|p1a: Dragapult|Substitute|p1a: Dragapult
|-start|p1a: Dragapult|Substitute
|-damage|p1a: Dragapult|69/100
|move|p2a: Ferrothorn|Gyro Ball|p1a: Dragapult
|-end|p1a: Dragapult|Substitute
|
|-heal|p1a: Dragapult|75/100|[from] item: Leftovers
|-heal|p2a: Ferrothorn|96/100|[from] item: Leftovers
|upkeep
|turn|28
|
|switch|p1a: Rotom|Rotom-Heat|68/100
|move|p2a: Ferrothorn|Leech Seed|p1a: Rotom
|-start|p1a: Rotom|move: Leech Seed
|
|-heal|p2a: Ferrothorn|100/100|[from] item: Leftovers
|-damage|p1a: Rotom|56/100|[from] Leech Seed|[of] p2a: Ferrothorn
|upkeep
|turn|29
|
|switch|p2a: Corviknight|Corviknight, F|100/100
|-damage|p2a: Corviknight|88/100|[from] Stealth Rock
|-ability|p2a: Corviknight|Pressure
|move|p1a: Rotom|Overheat|p2a: Corviknight
|-supereffective|p2a: Corviknight
|-damage|p2a: Corviknight|0 fnt
|-unboost|p1a: Rotom|spa|2
|faint|p2a: Corviknight
|
|upkeep
|
|switch|p2a: Ferrothorn|Ferrothorn, F|100/100
|-damage|p2a: Ferrothorn|94/100|[from] Stealth Rock
|turn|30
|
|switch|p1a: Dragapult|Dragapult, M|75/100
|-damage|p1a: Dragapult|63/100|[from] Stealth Rock
|move|p2a: Ferrothorn|Gyro Ball|p1a: Dragapult
|-damage|p1a: Dragapult|0 fnt
|faint|p1a: Dragapult
|
|-heal|p2a: Ferrothorn|100/100|[from] item: Leftovers
|upkeep
|
|switch|p1a: Rotom|Rotom-Heat|56/100
|turn|31
|c|☆KamiDende ☯|gg
|
|move|p1a: Rotom|Overheat|p2a: Ferrothorn
|-supereffective|p2a: Ferrothorn
|-damage|p2a: Ferrothorn|0 fnt
|-unboost|p1a: Rotom|spa|2
|faint|p2a: Ferrothorn
|
|win|likemecheesywee
