|ScrapeTime|2020-01-02-01:34:26
|j|☆Ejebfjkfbfe
|j|☆MewManny(s)
|player|p1|Ejebfjkfbfe|266|1000
|player|p2|MewManny(s)|riley|1040
|teamsize|p1|6
|teamsize|p2|6
|gametype|singles
|gen|8
|tier|[Gen 8] OU
|rated|
|rule|Sleep Clause Mod: Limit one foe put to sleep
|rule|Species Clause: Limit one of each Pokémon
|rule|OHKO Clause: OHKO moves are banned
|rule|Evasion Moves Clause: Evasion moves are banned
|rule|Endless Battle Clause: Forcing endless battles is banned
|rule|HP Percentage Mod: HP is shown in percentages
|clearpoke
|poke|p1|Obstagoon, F|
|poke|p1|Crustle, F|
|poke|p1|Lanturn, M|
|poke|p1|Corviknight, M|
|poke|p1|Salazzle, F|
|poke|p1|Roserade, F|
|poke|p2|Hatterene, F|
|poke|p2|Toxapex, M|
|poke|p2|Dracovish|
|poke|p2|Cinderace, M|
|poke|p2|Dragapult, M|
|poke|p2|Grimmsnarl, M|
|rule|Dynamax Clause: You cannot dynamax
|teampreview
|
|start
|switch|p1a: Obstagoon|Obstagoon, F, shiny|100/100
|switch|p2a: Cinderace|Cinderace, M|100/100
|turn|1
|
|move|p1a: Obstagoon|Obstruct|p1a: Obstagoon
|-singleturn|p1a: Obstagoon|Protect
|move|p2a: Cinderace|High Jump Kick|p1a: Obstagoon
|-activate|p1a: Obstagoon|move: Protect
|-unboost|p2a: Cinderace|def|2
|-damage|p2a: Cinderace|51/100|[from] highjumpkick
|
|-status|p1a: Obstagoon|brn|[from] item: Flame Orb
|upkeep
|turn|2
|
|switch|p1a: Corviknight|Corviknight, M, shiny|100/100
|-ability|p1a: Corviknight|Pressure
|move|p2a: Cinderace|High Jump Kick|p1a: Corviknight
|-damage|p1a: Corviknight|74/100
|
|-heal|p1a: Corviknight|80/100|[from] item: Leftovers
|upkeep
|turn|3
|
|switch|p1a: Roserade|Roserade, F, shiny|100/100
|move|p2a: Cinderace|Pyro Ball|p1a: Roserade
|-supereffective|p1a: Roserade
|-damage|p1a: Roserade|0 fnt
|faint|p1a: Roserade
|
|upkeep
|
|switch|p1a: Lanturn|Lanturn, M, shiny|100/100
|turn|4
|
|move|p2a: Cinderace|U-turn|p1a: Lanturn
|-damage|p1a: Lanturn|81/100
|
|switch|p2a: Toxapex|Toxapex, M|100/100|[from]move: U-turn
|move|p1a: Lanturn|Hydro Pump|p2a: Toxapex|[miss]
|-miss|p1a: Lanturn|p2a: Toxapex
|
|-heal|p1a: Lanturn|87/100|[from] item: Leftovers
|upkeep
|turn|5
|
|move|p1a: Lanturn|Protect|p1a: Lanturn
|-singleturn|p1a: Lanturn|Protect
|move|p2a: Toxapex|Toxic Spikes|p1a: Lanturn
|-sidestart|p1: Ejebfjkfbfe|move: Toxic Spikes
|
|-heal|p1a: Lanturn|94/100|[from] item: Leftovers
|upkeep
|turn|6
|
|move|p1a: Lanturn|Charge|p1a: Lanturn
|-boost|p1a: Lanturn|spd|1
|-activate|p1a: Lanturn|move: Charge
|move|p2a: Toxapex|Sludge Wave|p1a: Lanturn
|-damage|p1a: Lanturn|77/100
|
|-heal|p1a: Lanturn|83/100|[from] item: Leftovers
|upkeep
|turn|7
|
|move|p1a: Lanturn|Charge|p1a: Lanturn
|-boost|p1a: Lanturn|spd|1
|-activate|p1a: Lanturn|move: Charge
|move|p2a: Toxapex|Toxic Spikes|p1a: Lanturn
|-sidestart|p1: Ejebfjkfbfe|move: Toxic Spikes
|
|-heal|p1a: Lanturn|89/100|[from] item: Leftovers
|upkeep
|turn|8
|
|move|p1a: Lanturn|Thunderbolt|p2a: Toxapex
|-supereffective|p2a: Toxapex
|-damage|p2a: Toxapex|19/100
|move|p2a: Toxapex|Scald|p1a: Lanturn
|-resisted|p1a: Lanturn
|-damage|p1a: Lanturn|84/100
|
|-heal|p1a: Lanturn|90/100|[from] item: Leftovers
|-heal|p2a: Toxapex|25/100|[from] item: Leftovers
|upkeep
|turn|9
|
|move|p1a: Lanturn|Charge|p1a: Lanturn
|-boost|p1a: Lanturn|spd|1
|-activate|p1a: Lanturn|move: Charge
|move|p2a: Toxapex|Gunk Shot|p1a: Lanturn|[miss]
|-miss|p2a: Toxapex|p1a: Lanturn
|
|-heal|p1a: Lanturn|96/100|[from] item: Leftovers
|-heal|p2a: Toxapex|31/100|[from] item: Leftovers
|upkeep
|turn|10
|
|move|p1a: Lanturn|Thunderbolt|p2a: Toxapex
|-supereffective|p2a: Toxapex
|-damage|p2a: Toxapex|0 fnt
|faint|p2a: Toxapex
|
|-heal|p1a: Lanturn|100/100|[from] item: Leftovers
|upkeep
|
|switch|p2a: Dracovish|Dracovish|100/100
|turn|11
|
|move|p1a: Lanturn|Protect|p1a: Lanturn
|-singleturn|p1a: Lanturn|Protect
|move|p2a: Dracovish|Fishious Rend|p1a: Lanturn
|-activate|p1a: Lanturn|move: Protect
|
|upkeep
|turn|12
|
|move|p2a: Dracovish|Fishious Rend|p1a: Lanturn
|-resisted|p1a: Lanturn
|-damage|p1a: Lanturn|38/100
|-damage|p2a: Dracovish|91/100|[from] item: Life Orb
|move|p1a: Lanturn|Thunderbolt|p2a: Dracovish
|-damage|p2a: Dracovish|60/100
|
|-heal|p1a: Lanturn|44/100|[from] item: Leftovers
|upkeep
|turn|13
|
|move|p2a: Dracovish|Protect|p2a: Dracovish
|-singleturn|p2a: Dracovish|Protect
|move|p1a: Lanturn|Protect||[still]
|-fail|p1a: Lanturn
|
|-heal|p1a: Lanturn|50/100|[from] item: Leftovers
|upkeep
|turn|14
|
|move|p1a: Lanturn|Protect|p1a: Lanturn
|-singleturn|p1a: Lanturn|Protect
|move|p2a: Dracovish|Fishious Rend|p1a: Lanturn
|-activate|p1a: Lanturn|move: Protect
|
|-heal|p1a: Lanturn|56/100|[from] item: Leftovers
|upkeep
|turn|15
|
|move|p2a: Dracovish|Fishious Rend|p1a: Lanturn
|-resisted|p1a: Lanturn
|-damage|p1a: Lanturn|0 fnt
|-damage|p2a: Dracovish|50/100|[from] item: Life Orb
|faint|p1a: Lanturn
|
|upkeep
|
|switch|p1a: Salazzle|Salazzle, F, shiny|100/100
|-sideend|p1: Ejebfjkfbfe|move: Toxic Spikes|[of] p1a: Salazzle
|turn|16
|
|move|p1a: Salazzle|Dragon Pulse|p2a: Dracovish
|-supereffective|p2a: Dracovish
|-damage|p2a: Dracovish|0 fnt
|-damage|p1a: Salazzle|91/100|[from] item: Life Orb
|faint|p2a: Dracovish
|
|upkeep
|
|switch|p2a: Hatterene|Hatterene, F|100/100
|turn|17
|
|move|p1a: Salazzle|Venoshock|p2a: Hatterene
|-supereffective|p2a: Hatterene
|-damage|p2a: Hatterene|4/100
|-damage|p1a: Salazzle|81/100|[from] item: Life Orb
|move|p2a: Hatterene|Psychic|p1a: Salazzle
|-supereffective|p1a: Salazzle
|-damage|p1a: Salazzle|0 fnt
|faint|p1a: Salazzle
|
|-heal|p2a: Hatterene|10/100|[from] item: Leftovers
|upkeep
|
|switch|p1a: Obstagoon|Obstagoon, F, shiny|100/100 brn
|turn|18
|
|move|p1a: Obstagoon|Knock Off|p2a: Hatterene
|-damage|p2a: Hatterene|0 fnt
|-enditem|p2a: Hatterene|Leftovers|[from] move: Knock Off|[of] p1a: Obstagoon
|faint|p2a: Hatterene
|
|-damage|p1a: Obstagoon|94/100 brn|[from] brn
|upkeep
|
|switch|p2a: Grimmsnarl|Grimmsnarl, M|100/100
|turn|19
|
|move|p2a: Grimmsnarl|Fake Out|p1a: Obstagoon
|-damage|p1a: Obstagoon|74/100 brn
|-damage|p2a: Grimmsnarl|91/100|[from] item: Life Orb
|cant|p1a: Obstagoon|flinch
|
|-damage|p1a: Obstagoon|68/100 brn|[from] brn
|upkeep
|turn|20
|
|move|p2a: Grimmsnarl|Thunder Wave|p1a: Obstagoon
|-hint|Since gen 7, Dark is immune to Prankster moves.
|-immune|p1a: Obstagoon
|move|p1a: Obstagoon|Facade|p2a: Grimmsnarl
|-damage|p2a: Grimmsnarl|0 fnt
|faint|p2a: Grimmsnarl
|
|-damage|p1a: Obstagoon|62/100 brn|[from] brn
|upkeep
|
|switch|p2a: Dragapult|Dragapult, M|100/100
|turn|21
|
|move|p1a: Obstagoon|Obstruct|p1a: Obstagoon
|-singleturn|p1a: Obstagoon|Protect
|move|p2a: Dragapult|Dragon Darts|p1a: Obstagoon
|-activate|p1a: Obstagoon|move: Protect
|
|-damage|p1a: Obstagoon|56/100 brn|[from] brn
|upkeep
|turn|22
|
|move|p2a: Dragapult|Dragon Darts|p1a: Obstagoon
|-damage|p1a: Obstagoon|35/100 brn
|-damage|p1a: Obstagoon|12/100 brn
|-hitcount|p1a: Obstagoon|2
|move|p1a: Obstagoon|Knock Off|p2a: Dragapult
|-supereffective|p2a: Dragapult
|-damage|p2a: Dragapult|0 fnt
|-enditem|p2a: Dragapult|Aguav Berry|[from] move: Knock Off|[of] p1a: Obstagoon
|faint|p2a: Dragapult
|
|-damage|p1a: Obstagoon|6/100 brn|[from] brn
|upkeep
|
|switch|p2a: Cinderace|Cinderace, M|51/100
|turn|23
|
|move|p1a: Obstagoon|Obstruct|p1a: Obstagoon
|-singleturn|p1a: Obstagoon|Protect
|move|p2a: Cinderace|Pyro Ball|p1a: Obstagoon
|-activate|p1a: Obstagoon|move: Protect
|
|-damage|p1a: Obstagoon|0 fnt|[from] brn
|faint|p1a: Obstagoon
|upkeep
|
|switch|p1a: Crustle|Crustle, F, shiny|100/100
|turn|24
|
|move|p2a: Cinderace|High Jump Kick|p1a: Crustle
|-damage|p1a: Crustle|61/100
|move|p1a: Crustle|Rock Blast|p2a: Cinderace
|-supereffective|p2a: Cinderace
|-damage|p2a: Cinderace|21/100
|-enditem|p2a: Cinderace|Aguav Berry|[eat]
|-heal|p2a: Cinderace|54/100|[from] item: Aguav Berry
|-supereffective|p2a: Cinderace
|-damage|p2a: Cinderace|24/100
|-supereffective|p2a: Cinderace
|-damage|p2a: Cinderace|0 fnt
|-hitcount|p2a: Cinderace|3
|faint|p2a: Cinderace
|
|win|Ejebfjkfbfe
|raw|Ejebfjkfbfe's rating: 1000 → 1045(+45 for winning)
|raw|MewManny(s)'s rating: 1040 → 1022(-18 for losing)
