|ScrapeTime|2020-01-03-02:04:45
|j|☆PhoenixJourney
|j|☆LarryTheScary
|player|p1|PhoenixJourney|265|1268
|player|p2|LarryTheScary|chili|1247
|teamsize|p1|6
|teamsize|p2|6
|gametype|singles
|gen|8
|tier|[Gen 8] OU
|rated|
|rule|Sleep Clause Mod: Limit one foe put to sleep
|rule|Species Clause: Limit one of each Pokémon
|rule|OHKO Clause: OHKO moves are banned
|rule|Evasion Moves Clause: Evasion moves are banned
|rule|Endless Battle Clause: Forcing endless battles is banned
|rule|HP Percentage Mod: HP is shown in percentages
|clearpoke
|poke|p1|Hydreigon, F|
|poke|p1|Rotom-Heat|
|poke|p1|Grimmsnarl, M|
|poke|p1|Gyarados, M|
|poke|p1|Hatterene, F|
|poke|p1|Ferrothorn, F|
|poke|p2|Cinderace, M|
|poke|p2|Excadrill, F|
|poke|p2|Dragapult, F|
|poke|p2|Ribombee, M|
|poke|p2|Toxtricity, M|
|poke|p2|Machamp, F|
|rule|Dynamax Clause: You cannot dynamax
|teampreview
|inactive|Battle timer is ON: inactive players will automatically lose when time's up. (requested by LarryTheScary)
|inactive|PhoenixJourney has 120 seconds left.
|
|start
|switch|p1a: Rotom|Rotom-Heat|100/100
|switch|p2a: Ribombee|Ribombee, M|100/100
|turn|1
|
|move|p2a: Ribombee|Protect|p2a: Ribombee
|-singleturn|p2a: Ribombee|Protect
|move|p1a: Rotom|Volt Switch|p2a: Ribombee
|-activate|p2a: Ribombee|move: Protect
|
|upkeep
|turn|2
|
|switch|p2a: Excadrill|Excadrill, F|100/100
|-ability|p2a: Excadrill|Mold Breaker
|move|p1a: Rotom|Volt Switch|p2a: Excadrill
|-immune|p2a: Excadrill
|
|upkeep
|turn|3
|
|switch|p1a: Gyarados|Gyarados, M|100/100
|move|p2a: Excadrill|Iron Head|p1a: Gyarados
|-resisted|p1a: Gyarados
|-damage|p1a: Gyarados|72/100
|
|upkeep
|turn|4
|
|switch|p2a: Ribombee|Ribombee, M|100/100
|move|p1a: Gyarados|Earthquake|p2a: Ribombee
|-resisted|p2a: Ribombee
|-damage|p2a: Ribombee|67/100
|-damage|p1a: Gyarados|62/100|[from] item: Life Orb
|
|upkeep
|turn|5
|
|move|p2a: Ribombee|Sticky Web|p1a: Gyarados
|-sidestart|p1: PhoenixJourney|move: Sticky Web
|move|p1a: Gyarados|Dragon Dance|p1a: Gyarados
|-boost|p1a: Gyarados|atk|1
|-boost|p1a: Gyarados|spe|1
|
|upkeep
|turn|6
|
|move|p1a: Gyarados|Waterfall|p2a: Ribombee
|-damage|p2a: Ribombee|0 fnt
|-damage|p1a: Gyarados|52/100|[from] item: Life Orb
|faint|p2a: Ribombee
|-ability|p1a: Gyarados|Moxie|boost
|-boost|p1a: Gyarados|atk|1
|
|upkeep
|
|switch|p2a: Dragapult|Dragapult, F|100/100
|turn|7
|
|move|p2a: Dragapult|Thunderbolt|p1a: Gyarados
|-supereffective|p1a: Gyarados
|-damage|p1a: Gyarados|0 fnt
|faint|p1a: Gyarados
|
|upkeep
|
|switch|p1a: Hydreigon|Hydreigon, F|100/100
|turn|8
|
|switch|p2a: Cinderace|Cinderace, M|100/100
|move|p1a: Hydreigon|Substitute|p1a: Hydreigon
|-start|p1a: Hydreigon|Substitute
|-damage|p1a: Hydreigon|76/100
|
|-heal|p1a: Hydreigon|82/100|[from] item: Leftovers
|upkeep
|turn|9
|
|move|p2a: Cinderace|U-turn|p1a: Hydreigon
|-supereffective|p1a: Hydreigon
|-end|p1a: Hydreigon|Substitute
|-damage|p2a: Cinderace|91/100|[from] item: Life Orb
|
|switch|p2a: Machamp|Machamp, F|100/100|[from]move: U-turn
|move|p1a: Hydreigon|Dark Pulse|p2a: Machamp
|-resisted|p2a: Machamp
|-damage|p2a: Machamp|75/100
|
|-heal|p1a: Hydreigon|88/100|[from] item: Leftovers
|-status|p2a: Machamp|brn|[from] item: Flame Orb
|upkeep
|turn|10
|
|switch|p1a: Ferrothorn|Ferrothorn, F|100/100
|-activate|p1a: Ferrothorn|move: Sticky Web
|-unboost|p1a: Ferrothorn|spe|1
|move|p2a: Machamp|Close Combat|p1a: Ferrothorn
|-supereffective|p1a: Ferrothorn
|-damage|p1a: Ferrothorn|0 fnt
|-damage|p2a: Machamp|62/100 brn|[from] ability: Iron Barbs|[of] p1a: Ferrothorn
|-unboost|p2a: Machamp|def|1
|-unboost|p2a: Machamp|spd|1
|faint|p1a: Ferrothorn
|
|-damage|p2a: Machamp|56/100 brn|[from] brn
|upkeep
|
|switch|p1a: Grimmsnarl|Grimmsnarl, M|100/100
|-activate|p1a: Grimmsnarl|move: Sticky Web
|-unboost|p1a: Grimmsnarl|spe|1
|turn|11
|
|move|p2a: Machamp|Bullet Punch|p1a: Grimmsnarl
|-supereffective|p1a: Grimmsnarl
|-damage|p1a: Grimmsnarl|61/100
|move|p1a: Grimmsnarl|Reflect|p1a: Grimmsnarl
|-sidestart|p1: PhoenixJourney|Reflect
|
|-damage|p2a: Machamp|50/100 brn|[from] brn
|upkeep
|turn|12
|
|switch|p2a: Cinderace|Cinderace, M|91/100
|move|p1a: Grimmsnarl|Spirit Break|p2a: Cinderace
|-resisted|p2a: Cinderace
|-crit|p2a: Cinderace
|-damage|p2a: Cinderace|60/100
|-unboost|p2a: Cinderace|spa|1
|
|upkeep
|turn|13
|
|move|p1a: Grimmsnarl|Light Screen|p1a: Grimmsnarl
|-sidestart|p1: PhoenixJourney|move: Light Screen
|move|p2a: Cinderace|High Jump Kick|p1a: Grimmsnarl
|-damage|p1a: Grimmsnarl|40/100
|-damage|p2a: Cinderace|50/100|[from] item: Life Orb
|
|upkeep
|turn|14
|
|move|p1a: Grimmsnarl|Sucker Punch|p2a: Cinderace
|-damage|p2a: Cinderace|12/100
|move|p2a: Cinderace|U-turn|p1a: Grimmsnarl
|-damage|p1a: Grimmsnarl|28/100
|-damage|p2a: Cinderace|2/100|[from] item: Life Orb
|
|switch|p2a: Toxtricity|Toxtricity, M|100/100|[from]move: U-turn
|
|upkeep
|turn|15
|inactive|LarryTheScary has 120 seconds left.
|
|move|p1a: Grimmsnarl|Sucker Punch|p2a: Toxtricity
|-damage|p2a: Toxtricity|57/100
|move|p2a: Toxtricity|Boomburst|p1a: Grimmsnarl
|-damage|p1a: Grimmsnarl|0 fnt
|faint|p1a: Grimmsnarl
|
|upkeep
|
|switch|p1a: Hatterene|Hatterene, F|100/100
|-activate|p1a: Hatterene|move: Sticky Web
|-unboost|p1a: Hatterene|spe|1
|turn|16
|
|switch|p2a: Cinderace|Cinderace, M|2/100
|move|p1a: Hatterene|Psychic|p2a: Cinderace
|-damage|p2a: Cinderace|0 fnt
|faint|p2a: Cinderace
|
|upkeep
|inactive|LarryTheScary has 120 seconds left.
|
|switch|p2a: Toxtricity|Toxtricity, M|57/100
|turn|17
|inactive|LarryTheScary has 120 seconds left.
|
|move|p2a: Toxtricity|Boomburst|p1a: Hatterene
|-damage|p1a: Hatterene|67/100
|move|p1a: Hatterene|Psychic|p2a: Toxtricity
|-supereffective|p2a: Toxtricity
|-crit|p2a: Toxtricity
|-damage|p2a: Toxtricity|0 fnt
|faint|p2a: Toxtricity
|
|upkeep
|
|switch|p2a: Excadrill|Excadrill, F|100/100
|-ability|p2a: Excadrill|Mold Breaker
|turn|18
|inactive|LarryTheScary has 90 seconds left.
|inactive|PhoenixJourney has 120 seconds left.
|j| FortniteChugJug
|
|switch|p1a: Rotom|Rotom-Heat|100/100
|move|p2a: Excadrill|Rapid Spin|p1a: Rotom
|-damage|p1a: Rotom|89/100
|-boost|p2a: Excadrill|spe|1
|
|-sideend|p1: PhoenixJourney|Reflect
|upkeep
|turn|19
|inactive|PhoenixJourney has 120 seconds left.
|
|move|p2a: Excadrill|Earthquake|p1a: Rotom
|-supereffective|p1a: Rotom
|-damage|p1a: Rotom|0 fnt
|faint|p1a: Rotom
|
|upkeep
|
|switch|p1a: Hydreigon|Hydreigon, F|88/100
|turn|20
|c|☆PhoenixJourney|gg
|
|move|p2a: Excadrill|Earthquake|p1a: Hydreigon
|-damage|p1a: Hydreigon|24/100
|move|p1a: Hydreigon|Dark Pulse|p2a: Excadrill
|-damage|p2a: Excadrill|44/100
|
|-heal|p1a: Hydreigon|30/100|[from] item: Leftovers
|-sideend|p1: PhoenixJourney|move: Light Screen
|upkeep
|turn|21
|c|☆LarryTheScary|gg
|
|move|p2a: Excadrill|Earthquake|p1a: Hydreigon
|-damage|p1a: Hydreigon|0 fnt
|faint|p1a: Hydreigon
|
|upkeep
|inactive|PhoenixJourney has 120 seconds left.
|c|☆PhoenixJourney|had to hope you choked on the rotom switch in
|
|switch|p1a: Hatterene|Hatterene, F|67/100
|-activate|p1a: Hatterene|move: Sticky Web
|-unboost|p1a: Hatterene|spe|1
|turn|22
|c|☆LarryTheScary|Lmao
|c|☆LarryTheScary|Wanted to get that speed up incase rotom had scarfd
|c|☆LarryTheScary|gg wp
|
|move|p2a: Excadrill|Iron Head|p1a: Hatterene
|-supereffective|p1a: Hatterene
|-damage|p1a: Hatterene|0 fnt
|faint|p1a: Hatterene
|
|win|LarryTheScary
|c|☆PhoenixJourney|yea was scarf
|l| FortniteChugJug
