|ScrapeTime|2020-01-02-05:14:50
|j|☆four for one combo
|j|☆diaperbabe29
|player|p1|four for one combo|cyclistf-gen4|1928
|player|p2|diaperbabe29|8|1761
|teamsize|p1|6
|teamsize|p2|6
|gametype|singles
|gen|8
|tier|[Gen 8] OU
|rated|
|rule|Sleep Clause Mod: Limit one foe put to sleep
|rule|Species Clause: Limit one of each Pokémon
|rule|OHKO Clause: OHKO moves are banned
|rule|Evasion Moves Clause: Evasion moves are banned
|rule|Endless Battle Clause: Forcing endless battles is banned
|rule|HP Percentage Mod: HP is shown in percentages
|clearpoke
|poke|p1|Hawlucha, F|
|poke|p1|Bisharp, F|
|poke|p1|Rotom-Wash|
|poke|p1|Excadrill, F|
|poke|p1|Dragapult, M|
|poke|p1|Conkeldurr, F|
|poke|p2|Clefable, F|
|poke|p2|Corviknight, M|
|poke|p2|Hydreigon, F|
|poke|p2|Aegislash, M|
|poke|p2|Seismitoad, F|
|poke|p2|Conkeldurr, M|
|rule|Dynamax Clause: You cannot dynamax
|teampreview
|j| Starplatinum01
|
|start
|switch|p1a: Conkeldurr|Conkeldurr, F|100/100
|switch|p2a: Seismitoad|Seismitoad, F|100/100
|turn|1
|
|switch|p2a: Corviknight|Corviknight, M|100/100
|-ability|p2a: Corviknight|Pressure
|move|p1a: Conkeldurr|Close Combat|p2a: Corviknight
|-damage|p2a: Corviknight|56/100
|-unboost|p1a: Conkeldurr|def|1
|-unboost|p1a: Conkeldurr|spd|1
|
|-heal|p2a: Corviknight|62/100|[from] item: Leftovers
|-status|p1a: Conkeldurr|brn|[from] item: Flame Orb
|upkeep
|turn|2
|
|move|p1a: Conkeldurr|Close Combat|p2a: Corviknight
|-crit|p2a: Corviknight
|-damage|p2a: Corviknight|0 fnt
|-unboost|p1a: Conkeldurr|def|1
|-unboost|p1a: Conkeldurr|spd|1
|faint|p2a: Corviknight
|
|-damage|p1a: Conkeldurr|95/100 brn|[from] brn
|upkeep
|
|switch|p2a: Aegislash|Aegislash, M|100/100
|turn|3
|
|switch|p1a: Rotom|Rotom-Wash|100/100
|-formechange|p2a: Aegislash|Aegislash-Blade||[from] ability: Stance Change
|move|p2a: Aegislash|Shadow Ball|p1a: Rotom
|-damage|p1a: Rotom|14/100
|
|upkeep
|turn|4
|
|switch|p2a: Seismitoad|Seismitoad, F|100/100
|move|p1a: Rotom|Trick|p2a: Seismitoad
|-activate|p1a: Rotom|move: Trick|[of] p2a: Seismitoad
|-item|p2a: Seismitoad|Choice Scarf|[from] move: Trick
|-item|p1a: Rotom|Leftovers|[from] move: Trick
|
|-heal|p1a: Rotom|20/100|[from] item: Leftovers
|upkeep
|turn|5
|j|+playerW17
|
|move|p1a: Rotom|Volt Switch|p2a: Seismitoad
|-immune|p2a: Seismitoad
|move|p2a: Seismitoad|Scald|p1a: Rotom
|-resisted|p1a: Rotom
|-damage|p1a: Rotom|9/100
|
|-heal|p1a: Rotom|15/100|[from] item: Leftovers
|upkeep
|turn|6
|
|move|p1a: Rotom|Volt Switch|p2a: Seismitoad
|-immune|p2a: Seismitoad
|move|p2a: Seismitoad|Scald|p1a: Rotom
|-resisted|p1a: Rotom
|-damage|p1a: Rotom|2/100
|
|-heal|p1a: Rotom|8/100|[from] item: Leftovers
|upkeep
|turn|7
|
|move|p1a: Rotom|Volt Switch|p2a: Seismitoad
|-immune|p2a: Seismitoad
|move|p2a: Seismitoad|Scald|p1a: Rotom
|-resisted|p1a: Rotom
|-damage|p1a: Rotom|0 fnt
|faint|p1a: Rotom
|
|upkeep
|j| master of miss
|
|switch|p1a: Conkeldurr|Conkeldurr, F|95/100 brn
|turn|8
|j| vusty
|
|switch|p2a: Conkeldurr|Conkeldurr, M|100/100
|move|p1a: Conkeldurr|Close Combat|p2a: Conkeldurr
|-damage|p2a: Conkeldurr|0 fnt
|-unboost|p1a: Conkeldurr|def|1
|-unboost|p1a: Conkeldurr|spd|1
|faint|p2a: Conkeldurr
|
|-damage|p1a: Conkeldurr|89/100 brn|[from] brn
|upkeep
|
|switch|p2a: Aegislash|Aegislash, M|100/100
|turn|9
|
|-formechange|p2a: Aegislash|Aegislash-Blade||[from] ability: Stance Change
|move|p2a: Aegislash|Shadow Ball|p1a: Conkeldurr
|-damage|p1a: Conkeldurr|0 fnt
|faint|p1a: Conkeldurr
|
|upkeep
|
|switch|p1a: Bisharp|Bisharp, F|100/100
|turn|10
|
|switch|p2a: Seismitoad|Seismitoad, F|100/100
|move|p1a: Bisharp|Throat Chop|p2a: Seismitoad
|-damage|p2a: Seismitoad|59/100
|-start|p2a: Seismitoad|Throat Chop|[silent]
|-damage|p1a: Bisharp|91/100|[from] item: Life Orb
|
|upkeep
|turn|11
|
|move|p2a: Seismitoad|Scald|p1a: Bisharp
|-damage|p1a: Bisharp|54/100
|move|p1a: Bisharp|Throat Chop|p2a: Seismitoad
|-damage|p2a: Seismitoad|14/100
|-damage|p1a: Bisharp|44/100|[from] item: Life Orb
|
|-end|p2a: Seismitoad|Throat Chop|[silent]
|upkeep
|turn|12
|
|move|p2a: Seismitoad|Scald|p1a: Bisharp
|-damage|p1a: Bisharp|5/100
|-status|p1a: Bisharp|brn
|move|p1a: Bisharp|Throat Chop|p2a: Seismitoad
|-damage|p2a: Seismitoad|0 fnt
|-damage|p1a: Bisharp|0 fnt|[from] item: Life Orb
|faint|p2a: Seismitoad
|faint|p1a: Bisharp
|
|upkeep
|
|switch|p1a: Hawlucha|Hawlucha, F|100/100
|switch|p2a: Hydreigon|Hydreigon, F|100/100
|turn|13
|
|switch|p2a: Aegislash|Aegislash, M|100/100
|move|p1a: Hawlucha|Brave Bird|p2a: Aegislash
|-resisted|p2a: Aegislash
|-damage|p2a: Aegislash|73/100
|-damage|p1a: Hawlucha|92/100|[from] Recoil
|
|upkeep
|turn|14
|
|move|p1a: Hawlucha|Brave Bird|p2a: Aegislash
|-resisted|p2a: Aegislash
|-damage|p2a: Aegislash|45/100
|-damage|p1a: Hawlucha|85/100|[from] Recoil
|-formechange|p2a: Aegislash|Aegislash-Blade||[from] ability: Stance Change
|move|p2a: Aegislash|Shadow Ball|p1a: Hawlucha
|-damage|p1a: Hawlucha|0 fnt
|faint|p1a: Hawlucha
|
|upkeep
|
|switch|p1a: Excadrill|Excadrill, F|100/100
|-ability|p1a: Excadrill|Mold Breaker
|turn|15
|
|move|p1a: Excadrill|Earthquake|p2a: Aegislash
|-supereffective|p2a: Aegislash
|-crit|p2a: Aegislash
|-damage|p2a: Aegislash|0 fnt
|faint|p2a: Aegislash
|
|upkeep
|
|switch|p2a: Hydreigon|Hydreigon, F|100/100
|turn|16
|
|move|p2a: Hydreigon|Dark Pulse|p1a: Excadrill
|-damage|p1a: Excadrill|32/100
|-damage|p2a: Hydreigon|91/100|[from] item: Life Orb
|move|p1a: Excadrill|Earthquake|p2a: Hydreigon
|-damage|p2a: Hydreigon|26/100
|
|upkeep
|turn|17
|j| m8puppet
|
|switch|p1a: Dragapult|Dragapult, M|100/100
|move|p2a: Hydreigon|Dark Pulse|p1a: Dragapult
|-supereffective|p1a: Dragapult
|-damage|p1a: Dragapult|0 fnt
|-damage|p2a: Hydreigon|16/100|[from] item: Life Orb
|faint|p1a: Dragapult
|
|upkeep
|-message|four for one combo forfeited.
|
|win|diaperbabe29
|l|☆four for one combo
|raw|four for one combo's rating: 1928 → 1899(-29 for losing)
|raw|diaperbabe29's rating: 1761 → 1790(+29 for winning)
