|ScrapeTime|2020-01-01-10:35:18
|j|☆vlonethuh
|j|☆Meltrox
|player|p1|vlonethuh|benga|1000
|player|p2|Meltrox|burglar|1050
|teamsize|p1|6
|teamsize|p2|3
|gametype|singles
|gen|8
|tier|[Gen 8] OU
|rated|
|rule|Sleep Clause Mod: Limit one foe put to sleep
|rule|Species Clause: Limit one of each Pokémon
|rule|OHKO Clause: OHKO moves are banned
|rule|Evasion Moves Clause: Evasion moves are banned
|rule|Endless Battle Clause: Forcing endless battles is banned
|rule|HP Percentage Mod: HP is shown in percentages
|clearpoke
|poke|p1|Barraskewda, M|
|poke|p1|Snorlax, M|
|poke|p1|Dragapult, M|
|poke|p1|Rotom-Heat|
|poke|p1|Milotic, F|
|poke|p1|Togekiss, M|
|poke|p2|Dragapult, M|
|poke|p2|Corviknight, M|
|poke|p2|Hatterene, F|
|rule|Dynamax Clause: You cannot dynamax
|teampreview
|inactive|Battle timer is ON: inactive players will automatically lose when time's up. (requested by Meltrox)
|
|start
|switch|p1a: Rotom|Rotom-Heat|100/100
|switch|p2a: Hatterene|Hatterene, F|100/100
|turn|1
|inactive|vlonethuh has 120 seconds left.
|
|switch|p1a: Dragapult|Dragapult, M|100/100
|move|p2a: Hatterene|Calm Mind|p2a: Hatterene
|-boost|p2a: Hatterene|spa|1
|-boost|p2a: Hatterene|spd|1
|
|upkeep
|turn|2
|
|move|p1a: Dragapult|Phantom Force||[still]
|-prepare|p1a: Dragapult|Phantom Force|p2a: Hatterene
|move|p2a: Hatterene|Dazzling Gleam|p1a: Dragapult|[miss]
|-miss|p2a: Hatterene|p1a: Dragapult
|
|upkeep
|turn|3
|
|move|p1a: Dragapult|Phantom Force|p2a: Hatterene|[from]lockedmove
|-supereffective|p2a: Hatterene
|-damage|p2a: Hatterene|0 fnt
|-damage|p1a: Dragapult|91/100|[from] item: Life Orb
|faint|p2a: Hatterene
|
|upkeep
|
|switch|p2a: Dragapult|Dragapult, M|100/100
|turn|4
|
|move|p1a: Dragapult|Sucker Punch|p2a: Dragapult
|-supereffective|p2a: Dragapult
|-damage|p2a: Dragapult|12/100
|-damage|p1a: Dragapult|81/100|[from] item: Life Orb
|move|p2a: Dragapult|Dragon Darts|p1a: Dragapult
|-supereffective|p1a: Dragapult
|-damage|p1a: Dragapult|0 fnt
|-hitcount|p1a: Dragapult|1
|faint|p1a: Dragapult
|
|upkeep
|inactive|vlonethuh has 120 seconds left.
|
|switch|p1a: Togekiss|Togekiss, M|100/100
|turn|5
|
|switch|p2a: Corviknight|Corviknight, M|100/100
|move|p1a: Togekiss|Dazzling Gleam|p2a: Corviknight
|-resisted|p2a: Corviknight
|-damage|p2a: Corviknight|82/100
|
|-heal|p2a: Corviknight|88/100|[from] item: Leftovers
|upkeep
|turn|6
|
|move|p2a: Corviknight|Iron Defense|p2a: Corviknight
|-boost|p2a: Corviknight|def|2
|move|p1a: Togekiss|Fire Blast|p2a: Corviknight
|-supereffective|p2a: Corviknight
|-damage|p2a: Corviknight|12/100
|
|-heal|p2a: Corviknight|19/100|[from] item: Leftovers
|upkeep
|turn|7
|inactive|vlonethuh has 120 seconds left.
|
|move|p2a: Corviknight|Roost|p2a: Corviknight
|-heal|p2a: Corviknight|69/100
|-singleturn|p2a: Corviknight|move: Roost
|move|p1a: Togekiss|Ancient Power|p2a: Corviknight
|-resisted|p2a: Corviknight
|-damage|p2a: Corviknight|58/100
|-boost|p1a: Togekiss|atk|1
|-boost|p1a: Togekiss|def|1
|-boost|p1a: Togekiss|spa|1
|-boost|p1a: Togekiss|spd|1
|-boost|p1a: Togekiss|spe|1
|
|-heal|p2a: Corviknight|65/100|[from] item: Leftovers
|upkeep
|turn|8
|inactive|vlonethuh has 120 seconds left.
|
|switch|p2a: Dragapult|Dragapult, M|12/100
|move|p1a: Togekiss|Fire Blast|p2a: Dragapult
|-resisted|p2a: Dragapult
|-damage|p2a: Dragapult|0 fnt
|faint|p2a: Dragapult
|
|upkeep
|-message|Meltrox forfeited.
|
|win|vlonethuh
|l|☆Meltrox
|raw|vlonethuh's rating: 1000 → 1046(+46 for winning)
|raw|Meltrox's rating: 1050 → 1030(-20 for losing)
