|ScrapeTime|2020-01-01-20:02:29
|j|☆i gotta 92
|j|☆Pickled Pizza
|player|p1|i gotta 92|colress|1240
|player|p2|Pickled Pizza|102|1215
|teamsize|p1|6
|teamsize|p2|6
|gametype|singles
|gen|8
|tier|[Gen 8] OU
|rated|
|rule|Sleep Clause Mod: Limit one foe put to sleep
|rule|Species Clause: Limit one of each Pokémon
|rule|OHKO Clause: OHKO moves are banned
|rule|Evasion Moves Clause: Evasion moves are banned
|rule|Endless Battle Clause: Forcing endless battles is banned
|rule|HP Percentage Mod: HP is shown in percentages
|clearpoke
|poke|p1|Sylveon, F|
|poke|p1|Seismitoad, M|
|poke|p1|Mew|
|poke|p1|Polteageist|
|poke|p1|Bisharp, F|
|poke|p1|Corviknight, M|
|poke|p2|Tyranitar, F|
|poke|p2|Excadrill, F|
|poke|p2|Corviknight, F|
|poke|p2|Sylveon, F|
|poke|p2|Toxapex, F|
|poke|p2|Rotom-Heat|
|rule|Dynamax Clause: You cannot dynamax
|teampreview
|inactive|Battle timer is ON: inactive players will automatically lose when time's up. (requested by i gotta 92)
|
|start
|switch|p1a: Mew|Mew|100/100
|switch|p2a: Rotom|Rotom-Heat|100/100
|turn|1
|
|move|p2a: Rotom|Volt Switch|p1a: Mew
|-damage|p1a: Mew|76/100
|-enditem|p1a: Mew|Red Card|[of] p2a: Rotom
|drag|p2a: Sylveon|Sylveon, F|100/100
|move|p1a: Mew|Taunt|p2a: Sylveon
|-start|p2a: Sylveon|move: Taunt
|
|upkeep
|turn|2
|
|move|p1a: Mew|Spikes|p2a: Sylveon
|-sidestart|p2: Pickled Pizza|Spikes
|move|p2a: Sylveon|Mystical Fire|p1a: Mew
|-damage|p1a: Mew|59/100
|-unboost|p1a: Mew|spa|1
|
|upkeep
|turn|3
|
|switch|p2a: Excadrill|Excadrill, F|100/100
|-damage|p2a: Excadrill|88/100|[from] Spikes
|move|p1a: Mew|Spikes|p2a: Excadrill
|-sidestart|p2: Pickled Pizza|Spikes
|
|upkeep
|turn|4
|
|move|p1a: Mew|Flare Blitz|p2a: Excadrill
|-supereffective|p2a: Excadrill
|-damage|p2a: Excadrill|15/100
|-damage|p1a: Mew|37/100|[from] Recoil
|move|p2a: Excadrill|Rapid Spin|p1a: Mew
|-damage|p1a: Mew|17/100
|-sideend|p2: Pickled Pizza|Spikes|[from] move: Rapid Spin|[of] p2a: Excadrill
|-boost|p2a: Excadrill|spe|1
|-damage|p2a: Excadrill|5/100|[from] item: Life Orb
|
|upkeep
|turn|5
|
|switch|p1a: Corviknight|Corviknight, M|100/100
|-ability|p1a: Corviknight|Pressure
|move|p2a: Excadrill|Earthquake|p1a: Corviknight
|-immune|p1a: Corviknight
|
|upkeep
|turn|6
|
|move|p2a: Excadrill|Rock Slide|p1a: Corviknight
|-damage|p1a: Corviknight|71/100
|-damage|p2a: Excadrill|0 fnt|[from] item: Life Orb
|faint|p2a: Excadrill
|move|p1a: Corviknight|Substitute|p1a: Corviknight
|-start|p1a: Corviknight|Substitute
|-damage|p1a: Corviknight|46/100
|
|-heal|p1a: Corviknight|52/100|[from] item: Leftovers
|upkeep
|
|switch|p2a: Rotom|Rotom-Heat|100/100
|turn|7
|
|move|p2a: Rotom|Volt Switch|p1a: Corviknight
|-supereffective|p1a: Corviknight
|-end|p1a: Corviknight|Substitute
|
|switch|p2a: Tyranitar|Tyranitar, F|100/100|[from]move: Volt Switch
|-weather|Sandstorm|[from] ability: Sand Stream|[of] p2a: Tyranitar
|move|p1a: Corviknight|Bulk Up|p1a: Corviknight
|-boost|p1a: Corviknight|atk|1
|-boost|p1a: Corviknight|def|1
|
|-weather|Sandstorm|[upkeep]
|-heal|p1a: Corviknight|58/100|[from] item: Leftovers
|upkeep
|turn|8
|
|move|p2a: Tyranitar|Crunch|p1a: Corviknight
|-damage|p1a: Corviknight|20/100
|move|p1a: Corviknight|Bulk Up|p1a: Corviknight
|-boost|p1a: Corviknight|atk|1
|-boost|p1a: Corviknight|def|1
|
|-weather|Sandstorm|[upkeep]
|-heal|p1a: Corviknight|26/100|[from] item: Leftovers
|upkeep
|turn|9
|
|move|p2a: Tyranitar|Crunch|p1a: Corviknight
|-damage|p1a: Corviknight|0 fnt
|faint|p1a: Corviknight
|
|-weather|Sandstorm|[upkeep]
|upkeep
|
|switch|p1a: Seismitoad|Seismitoad, M|100/100
|turn|10
|
|move|p2a: Tyranitar|Crunch|p1a: Seismitoad
|-damage|p1a: Seismitoad|55/100
|move|p1a: Seismitoad|Toxic|p2a: Tyranitar|[miss]
|-miss|p1a: Seismitoad|p2a: Tyranitar
|
|-weather|Sandstorm|[upkeep]
|-heal|p1a: Seismitoad|61/100|[from] item: Leftovers
|upkeep
|turn|11
|
|move|p2a: Tyranitar|Crunch|p1a: Seismitoad
|-damage|p1a: Seismitoad|15/100
|move|p1a: Seismitoad|Toxic|p2a: Tyranitar
|-status|p2a: Tyranitar|tox
|
|-weather|none
|-heal|p1a: Seismitoad|21/100|[from] item: Leftovers
|-damage|p2a: Tyranitar|94/100 tox|[from] psn
|upkeep
|turn|12
|
|switch|p1a: Bisharp|Bisharp, F|100/100
|move|p2a: Tyranitar|Crunch|p1a: Bisharp
|-resisted|p1a: Bisharp
|-damage|p1a: Bisharp|54/100
|-unboost|p1a: Bisharp|def|1
|-ability|p1a: Bisharp|Defiant
|-boost|p1a: Bisharp|atk|2
|
|-damage|p2a: Tyranitar|82/100 tox|[from] psn
|upkeep
|turn|13
|
|move|p1a: Bisharp|Iron Head|p2a: Tyranitar
|-supereffective|p2a: Tyranitar
|-damage|p2a: Tyranitar|0 fnt
|faint|p2a: Tyranitar
|
|upkeep
|
|switch|p2a: Rotom|Rotom-Heat|100/100
|turn|14
|
|move|p1a: Bisharp|Sucker Punch||[still]
|-fail|p1a: Bisharp
|move|p2a: Rotom|Trick|p1a: Bisharp
|-activate|p2a: Rotom|move: Trick|[of] p1a: Bisharp
|-item|p1a: Bisharp|Choice Scarf|[from] move: Trick
|-item|p2a: Rotom|Black Glasses|[from] move: Trick
|
|upkeep
|turn|15
|
|move|p1a: Bisharp|Throat Chop|p2a: Rotom
|-damage|p2a: Rotom|0 fnt
|faint|p2a: Rotom
|
|upkeep
|
|switch|p2a: Sylveon|Sylveon, F|100/100
|turn|16
|
|switch|p1a: Seismitoad|Seismitoad, M|21/100
|move|p2a: Sylveon|Mystical Fire|p1a: Seismitoad
|-resisted|p1a: Seismitoad
|-damage|p1a: Seismitoad|10/100
|-unboost|p1a: Seismitoad|spa|1
|
|-heal|p1a: Seismitoad|16/100|[from] item: Leftovers
|upkeep
|turn|17
|
|move|p1a: Seismitoad|Toxic|p2a: Sylveon
|-status|p2a: Sylveon|tox
|move|p2a: Sylveon|Hyper Voice|p1a: Seismitoad
|-damage|p1a: Seismitoad|0 fnt
|faint|p1a: Seismitoad
|
|-damage|p2a: Sylveon|94/100 tox|[from] psn
|upkeep
|
|switch|p1a: Bisharp|Bisharp, F|54/100
|turn|18
|
|move|p2a: Sylveon|Protect|p2a: Sylveon
|-singleturn|p2a: Sylveon|Protect
|move|p1a: Bisharp|Iron Head|p2a: Sylveon
|-activate|p2a: Sylveon|move: Protect
|
|-heal|p2a: Sylveon|100/100 tox|[from] item: Leftovers
|-damage|p2a: Sylveon|88/100 tox|[from] psn
|upkeep
|turn|19
|
|switch|p1a: Mew|Mew|17/100
|switch|p2a: Corviknight|Corviknight, F|100/100
|
|upkeep
|turn|20
|
|move|p1a: Mew|Taunt|p2a: Corviknight
|-start|p2a: Corviknight|move: Taunt
|move|p2a: Corviknight|U-turn|p1a: Mew
|-supereffective|p1a: Mew
|-damage|p1a: Mew|0 fnt
|faint|p1a: Mew
|
|switch|p2a: Sylveon|Sylveon, F|88/100 tox|[from]move: U-turn
|
|-heal|p2a: Sylveon|94/100 tox|[from] item: Leftovers
|-damage|p2a: Sylveon|88/100 tox|[from] psn
|upkeep
|
|switch|p1a: Polteageist|Polteageist|100/100
|turn|21
|
|move|p1a: Polteageist|Shell Smash|p1a: Polteageist
|-unboost|p1a: Polteageist|def|1
|-unboost|p1a: Polteageist|spd|1
|-boost|p1a: Polteageist|atk|2
|-boost|p1a: Polteageist|spa|2
|-boost|p1a: Polteageist|spe|2
|move|p2a: Sylveon|Mystical Fire|p1a: Polteageist
|-damage|p1a: Polteageist|66/100
|-unboost|p1a: Polteageist|spa|1
|
|-heal|p2a: Sylveon|94/100 tox|[from] item: Leftovers
|-damage|p2a: Sylveon|82/100 tox|[from] psn
|upkeep
|turn|22
|
|move|p1a: Polteageist|Shadow Ball|p2a: Sylveon
|-damage|p2a: Sylveon|36/100 tox
|-unboost|p2a: Sylveon|spd|1
|move|p2a: Sylveon|Hyper Voice|p1a: Polteageist
|-damage|p1a: Polteageist|0 fnt
|faint|p1a: Polteageist
|
|-heal|p2a: Sylveon|42/100 tox|[from] item: Leftovers
|-damage|p2a: Sylveon|24/100 tox|[from] psn
|upkeep
|
|switch|p1a: Sylveon|Sylveon, F|100/100
|turn|23
|
|move|p1a: Sylveon|Hyper Voice|p2a: Sylveon
|-damage|p2a: Sylveon|0 fnt
|-enditem|p1a: Sylveon|Throat Spray
|-boost|p1a: Sylveon|spa|1
|faint|p2a: Sylveon
|
|upkeep
|
|switch|p2a: Corviknight|Corviknight, F|100/100
|turn|24
|
|move|p1a: Sylveon|Mystical Fire|p2a: Corviknight
|-supereffective|p2a: Corviknight
|-damage|p2a: Corviknight|56/100
|-ability|p2a: Corviknight|Mirror Armor
|-unboost|p1a: Sylveon|spa|1
|move|p2a: Corviknight|U-turn|p1a: Sylveon
|-resisted|p1a: Sylveon
|-damage|p1a: Sylveon|91/100
|
|switch|p2a: Toxapex|Toxapex, F|100/100|[from]move: U-turn
|
|upkeep
|turn|25
|
|move|p1a: Sylveon|Psyshock|p2a: Toxapex
|-supereffective|p2a: Toxapex
|-damage|p2a: Toxapex|72/100
|move|p2a: Toxapex|Toxic Spikes|p1a: Sylveon
|-sidestart|p1: i gotta 92|move: Toxic Spikes
|
|-heal|p2a: Toxapex|78/100|[from] item: Black Sludge
|upkeep
|turn|26
|
|move|p1a: Sylveon|Psyshock|p2a: Toxapex
|-supereffective|p2a: Toxapex
|-damage|p2a: Toxapex|50/100
|move|p2a: Toxapex|Toxic Spikes|p1a: Sylveon
|-sidestart|p1: i gotta 92|move: Toxic Spikes
|
|-heal|p2a: Toxapex|56/100|[from] item: Black Sludge
|upkeep
|turn|27
|
|move|p1a: Sylveon|Psyshock|p2a: Toxapex
|-supereffective|p2a: Toxapex
|-damage|p2a: Toxapex|24/100
|move|p2a: Toxapex|Recover|p2a: Toxapex
|-heal|p2a: Toxapex|74/100
|
|-heal|p2a: Toxapex|80/100|[from] item: Black Sludge
|upkeep
|turn|28
|
|switch|p2a: Corviknight|Corviknight, F|56/100
|move|p1a: Sylveon|Mystical Fire|p2a: Corviknight
|-supereffective|p2a: Corviknight
|-damage|p2a: Corviknight|22/100
|-ability|p2a: Corviknight|Mirror Armor
|-unboost|p1a: Sylveon|spa|1
|
|-heal|p2a: Corviknight|29/100|[from] item: Leftovers
|upkeep
|turn|29
|
|move|p1a: Sylveon|Mystical Fire|p2a: Corviknight
|-supereffective|p2a: Corviknight
|-damage|p2a: Corviknight|9/100
|-ability|p2a: Corviknight|Mirror Armor
|-unboost|p1a: Sylveon|spa|1
|move|p2a: Corviknight|Roost|p2a: Corviknight
|-heal|p2a: Corviknight|59/100
|-singleturn|p2a: Corviknight|move: Roost
|
|-heal|p2a: Corviknight|65/100|[from] item: Leftovers
|upkeep
|turn|30
|inactive|Pickled Pizza has 120 seconds left.
|inactive|Pickled Pizza has 90 seconds left.
|
|move|p1a: Sylveon|Hyper Voice|p2a: Corviknight
|-resisted|p2a: Corviknight
|-damage|p2a: Corviknight|58/100
|move|p2a: Corviknight|Brave Bird|p1a: Sylveon
|-damage|p1a: Sylveon|39/100
|-damage|p2a: Corviknight|43/100|[from] Recoil
|
|-heal|p2a: Corviknight|50/100|[from] item: Leftovers
|upkeep
|turn|31
|
|move|p1a: Sylveon|Hyper Voice|p2a: Corviknight
|-resisted|p2a: Corviknight
|-damage|p2a: Corviknight|41/100
|move|p2a: Corviknight|Roost|p2a: Corviknight
|-heal|p2a: Corviknight|91/100
|-singleturn|p2a: Corviknight|move: Roost
|
|-heal|p2a: Corviknight|97/100|[from] item: Leftovers
|upkeep
|turn|32
|inactive|Pickled Pizza has 90 seconds left.
|
|move|p1a: Sylveon|Mystical Fire|p2a: Corviknight
|-supereffective|p2a: Corviknight
|-damage|p2a: Corviknight|81/100
|-ability|p2a: Corviknight|Mirror Armor
|-unboost|p1a: Sylveon|spa|1
|move|p2a: Corviknight|Brave Bird|p1a: Sylveon
|-damage|p1a: Sylveon|0 fnt
|-damage|p2a: Corviknight|70/100|[from] Recoil
|faint|p1a: Sylveon
|
|-heal|p2a: Corviknight|77/100|[from] item: Leftovers
|upkeep
|
|switch|p1a: Bisharp|Bisharp, F|54/100
|turn|33
|
|move|p1a: Bisharp|Swords Dance|p1a: Bisharp
|-boost|p1a: Bisharp|atk|2
|move|p2a: Corviknight|U-turn|p1a: Bisharp
|-damage|p1a: Bisharp|36/100
|
|switch|p2a: Toxapex|Toxapex, F|100/100|[from]move: U-turn
|
|upkeep
|turn|34
|-message|i gotta 92 forfeited.
|
|win|Pickled Pizza
|l|☆i gotta 92
|raw|i gotta 92's rating: 1240 → 1213(-27 for losing)
|raw|Pickled Pizza's rating: 1215 → 1242(+27 for winning)
