|ScrapeTime|2020-01-01-14:14:43
|j|☆AzGriffon
|j|☆MedicalMeme
|player|p1|AzGriffon|170|1112
|player|p2|MedicalMeme|veteran|1081
|teamsize|p1|6
|teamsize|p2|6
|gametype|singles
|gen|8
|tier|[Gen 8] OU
|rated|
|rule|Sleep Clause Mod: Limit one foe put to sleep
|rule|Species Clause: Limit one of each Pokémon
|rule|OHKO Clause: OHKO moves are banned
|rule|Evasion Moves Clause: Evasion moves are banned
|rule|Endless Battle Clause: Forcing endless battles is banned
|rule|HP Percentage Mod: HP is shown in percentages
|clearpoke
|poke|p1|Grimmsnarl, M|
|poke|p1|Pelipper, M|
|poke|p1|Dracovish|
|poke|p1|Ferrothorn, M|
|poke|p1|Corviknight, M|
|poke|p1|Barraskewda, F|
|poke|p2|Sableye, M|
|poke|p2|Ferrothorn, M|
|poke|p2|Corsola-Galar, F|
|poke|p2|Avalugg, M|
|poke|p2|Obstagoon, F|
|poke|p2|Toxapex, F|
|rule|Dynamax Clause: You cannot dynamax
|teampreview
|
|start
|switch|p1a: Grimmsnarl|Grimmsnarl, M|100/100
|switch|p2a: Ferrothorn|Ferrothorn, M|100/100
|turn|1
|
|move|p1a: Grimmsnarl|Thunder Wave|p2a: Ferrothorn
|-status|p2a: Ferrothorn|par
|move|p2a: Ferrothorn|Gyro Ball|p1a: Grimmsnarl
|-supereffective|p1a: Grimmsnarl
|-damage|p1a: Grimmsnarl|0 fnt
|faint|p1a: Grimmsnarl
|
|upkeep
|
|switch|p1a: Barraskewda|Barraskewda, F|100/100
|turn|2
|
|move|p1a: Barraskewda|Close Combat|p2a: Ferrothorn
|-supereffective|p2a: Ferrothorn
|-damage|p2a: Ferrothorn|19/100 par
|-damage|p1a: Barraskewda|88/100|[from] ability: Iron Barbs|[of] p2a: Ferrothorn
|-unboost|p1a: Barraskewda|def|1
|-unboost|p1a: Barraskewda|spd|1
|move|p2a: Ferrothorn|Gyro Ball|p1a: Barraskewda
|-resisted|p1a: Barraskewda
|-damage|p1a: Barraskewda|11/100
|
|-heal|p2a: Ferrothorn|25/100 par|[from] item: Leftovers
|upkeep
|turn|3
|
|switch|p1a: Pelipper|Pelipper, M|100/100
|-weather|RainDance|[from] ability: Drizzle|[of] p1a: Pelipper
|move|p2a: Ferrothorn|Gyro Ball|p1a: Pelipper
|-resisted|p1a: Pelipper
|-damage|p1a: Pelipper|73/100
|
|-weather|RainDance|[upkeep]
|-heal|p2a: Ferrothorn|32/100 par|[from] item: Leftovers
|upkeep
|turn|4
|inactive|Battle timer is ON: inactive players will automatically lose when time's up. (requested by AzGriffon)
|
|move|p1a: Pelipper|Hurricane|p2a: Ferrothorn
|-damage|p2a: Ferrothorn|0 fnt
|faint|p2a: Ferrothorn
|
|-weather|RainDance|[upkeep]
|upkeep
|
|switch|p2a: Obstagoon|Obstagoon, F|100/100
|turn|5
|
|move|p2a: Obstagoon|Switcheroo|p1a: Pelipper
|-activate|p2a: Obstagoon|move: Trick|[of] p1a: Pelipper
|-item|p1a: Pelipper|Toxic Orb|[from] move: Switcheroo
|-item|p2a: Obstagoon|Damp Rock|[from] move: Switcheroo
|move|p1a: Pelipper|Tailwind|p1a: Pelipper
|-sidestart|p1: AzGriffon|move: Tailwind
|
|-weather|RainDance|[upkeep]
|-status|p1a: Pelipper|tox|[from] item: Toxic Orb
|upkeep
|turn|6
|
|move|p1a: Pelipper|Hurricane|p2a: Obstagoon
|-damage|p2a: Obstagoon|38/100
|move|p2a: Obstagoon|Knock Off|p1a: Pelipper
|-damage|p1a: Pelipper|31/100 tox
|-enditem|p1a: Pelipper|Toxic Orb|[from] move: Knock Off|[of] p2a: Obstagoon
|
|-weather|RainDance|[upkeep]
|-damage|p1a: Pelipper|24/100 tox|[from] psn
|upkeep
|turn|7
|
|switch|p2a: Toxapex|Toxapex, F|100/100
|move|p1a: Pelipper|Hurricane|p2a: Toxapex
|-damage|p2a: Toxapex|57/100
|-start|p2a: Toxapex|confusion
|
|-weather|RainDance|[upkeep]
|-heal|p2a: Toxapex|63/100|[from] item: Black Sludge
|-damage|p1a: Pelipper|12/100 tox|[from] psn
|upkeep
|turn|8
|
|switch|p1a: Dracovish|Dracovish|100/100
|-activate|p2a: Toxapex|confusion
|move|p2a: Toxapex|Baneful Bunker||[still]
|-fail|p2a: Toxapex
|
|-weather|RainDance|[upkeep]
|-heal|p2a: Toxapex|68/100|[from] item: Black Sludge
|-sideend|p1: AzGriffon|move: Tailwind
|upkeep
|turn|9
|
|switch|p2a: Obstagoon|Obstagoon, F|38/100
|move|p1a: Dracovish|Psychic Fangs|p2a: Obstagoon
|-immune|p2a: Obstagoon
|
|-weather|RainDance|[upkeep]
|upkeep
|turn|10
|
|switch|p1a: Corviknight|Corviknight, M|100/100
|move|p2a: Obstagoon|Switcheroo|p1a: Corviknight
|-activate|p2a: Obstagoon|move: Trick|[of] p1a: Corviknight
|-item|p1a: Corviknight|Damp Rock|[from] move: Switcheroo
|-item|p2a: Obstagoon|Leftovers|[from] move: Switcheroo
|
|-weather|none
|-heal|p2a: Obstagoon|44/100|[from] item: Leftovers
|upkeep
|turn|11
|
|move|p2a: Obstagoon|Knock Off|p1a: Corviknight
|-damage|p1a: Corviknight|69/100
|-enditem|p1a: Corviknight|Damp Rock|[from] move: Knock Off|[of] p2a: Obstagoon
|move|p1a: Corviknight|Bulk Up|p1a: Corviknight
|-boost|p1a: Corviknight|atk|1
|-boost|p1a: Corviknight|def|1
|
|-heal|p2a: Obstagoon|50/100|[from] item: Leftovers
|upkeep
|turn|12
|
|move|p2a: Obstagoon|Close Combat|p1a: Corviknight
|-damage|p1a: Corviknight|52/100
|-unboost|p2a: Obstagoon|def|1
|-unboost|p2a: Obstagoon|spd|1
|move|p1a: Corviknight|Bulk Up|p1a: Corviknight
|-boost|p1a: Corviknight|atk|1
|-boost|p1a: Corviknight|def|1
|
|-heal|p2a: Obstagoon|56/100|[from] item: Leftovers
|upkeep
|turn|13
|
|move|p2a: Obstagoon|Close Combat|p1a: Corviknight
|-crit|p1a: Corviknight
|-damage|p1a: Corviknight|13/100
|-unboost|p2a: Obstagoon|def|1
|-unboost|p2a: Obstagoon|spd|1
|move|p1a: Corviknight|Bulk Up|p1a: Corviknight
|-boost|p1a: Corviknight|atk|1
|-boost|p1a: Corviknight|def|1
|
|-heal|p2a: Obstagoon|62/100|[from] item: Leftovers
|upkeep
|turn|14
|
|move|p2a: Obstagoon|Close Combat|p1a: Corviknight
|-damage|p1a: Corviknight|2/100
|-unboost|p2a: Obstagoon|def|1
|-unboost|p2a: Obstagoon|spd|1
|move|p1a: Corviknight|Roost|p1a: Corviknight
|-heal|p1a: Corviknight|52/100
|-singleturn|p1a: Corviknight|move: Roost
|
|-heal|p2a: Obstagoon|68/100|[from] item: Leftovers
|upkeep
|turn|15
|
|switch|p2a: Corsola|Corsola-Galar, F|100/100
|move|p1a: Corviknight|Roost|p1a: Corviknight
|-heal|p1a: Corviknight|100/100
|-singleturn|p1a: Corviknight|move: Roost
|
|upkeep
|turn|16
|
|move|p1a: Corviknight|Bulk Up|p1a: Corviknight
|-boost|p1a: Corviknight|atk|1
|-boost|p1a: Corviknight|def|1
|move|p2a: Corsola|Will-O-Wisp|p1a: Corviknight
|-status|p1a: Corviknight|brn
|
|-damage|p1a: Corviknight|94/100 brn|[from] brn
|upkeep
|turn|17
|
|move|p1a: Corviknight|Bulk Up|p1a: Corviknight
|-boost|p1a: Corviknight|atk|1
|-boost|p1a: Corviknight|def|1
|move|p2a: Corsola|Strength Sap||[still]
|-ability|p1a: Corviknight|Mirror Armor
|-unboost|p2a: Corsola|atk|1
|-fail|p2a: Corsola
|
|-damage|p1a: Corviknight|88/100 brn|[from] brn
|upkeep
|turn|18
|
|move|p1a: Corviknight|Bulk Up|p1a: Corviknight
|-boost|p1a: Corviknight|atk|1
|-boost|p1a: Corviknight|def|1
|move|p2a: Corsola|Stealth Rock|p1a: Corviknight
|-sidestart|p1: AzGriffon|move: Stealth Rock
|
|-damage|p1a: Corviknight|82/100 brn|[from] brn
|upkeep
|turn|19
|
|move|p1a: Corviknight|Defog|p2a: Corsola
|-unboost|p2a: Corsola|evasion|1
|-sideend|p1: AzGriffon|Stealth Rock|[from] move: Defog|[of] p1a: Corviknight
|move|p2a: Corsola|Hex|p1a: Corviknight
|-damage|p1a: Corviknight|60/100 brn
|
|-damage|p1a: Corviknight|53/100 brn|[from] brn
|upkeep
|turn|20
|
|move|p1a: Corviknight|Roost|p1a: Corviknight
|-heal|p1a: Corviknight|100/100 brn
|-singleturn|p1a: Corviknight|move: Roost
|move|p2a: Corsola|Hex|p1a: Corviknight
|-damage|p1a: Corviknight|80/100 brn
|
|-damage|p1a: Corviknight|74/100 brn|[from] brn
|upkeep
|turn|21
|
|move|p1a: Corviknight|Roost|p1a: Corviknight
|-heal|p1a: Corviknight|100/100 brn
|-singleturn|p1a: Corviknight|move: Roost
|move|p2a: Corsola|Hex|p1a: Corviknight
|-damage|p1a: Corviknight|78/100 brn
|
|-damage|p1a: Corviknight|72/100 brn|[from] brn
|upkeep
|turn|22
|
|move|p1a: Corviknight|Defog|p2a: Corsola
|-unboost|p2a: Corsola|evasion|1
|move|p2a: Corsola|Hex|p1a: Corviknight
|-damage|p1a: Corviknight|51/100 brn
|
|-damage|p1a: Corviknight|45/100 brn|[from] brn
|upkeep
|turn|23
|
|move|p1a: Corviknight|Roost|p1a: Corviknight
|-heal|p1a: Corviknight|95/100 brn
|-singleturn|p1a: Corviknight|move: Roost
|move|p2a: Corsola|Stealth Rock|p1a: Corviknight
|-sidestart|p1: AzGriffon|move: Stealth Rock
|
|-damage|p1a: Corviknight|88/100 brn|[from] brn
|upkeep
|turn|24
|
|switch|p2a: Sableye|Sableye, M|100/100
|move|p1a: Corviknight|Defog|p2a: Sableye
|-unboost|p2a: Sableye|evasion|1
|-sideend|p1: AzGriffon|Stealth Rock|[from] move: Defog|[of] p1a: Corviknight
|
|-damage|p1a: Corviknight|82/100 brn|[from] brn
|upkeep
|turn|25
|
|move|p2a: Sableye|Encore|p1a: Corviknight
|-start|p1a: Corviknight|Encore
|move|p1a: Corviknight|Defog|p2a: Sableye
|-unboost|p2a: Sableye|evasion|1
|
|-damage|p1a: Corviknight|76/100 brn|[from] brn
|upkeep
|turn|26
|j| vcfder
|
|switch|p1a: Ferrothorn|Ferrothorn, M|100/100
|move|p2a: Sableye|Disable||[still]
|-fail|p2a: Sableye
|
|upkeep
|turn|27
|
|switch|p2a: Corsola|Corsola-Galar, F|100/100
|move|p1a: Ferrothorn|Leech Seed|p2a: Corsola
|-start|p2a: Corsola|move: Leech Seed
|
|-damage|p2a: Corsola|88/100|[from] Leech Seed|[of] p1a: Ferrothorn
|upkeep
|turn|28
|
|move|p2a: Corsola|Stealth Rock|p1a: Ferrothorn
|-sidestart|p1: AzGriffon|move: Stealth Rock
|move|p1a: Ferrothorn|Spikes|p2a: Corsola
|-sidestart|p2: MedicalMeme|Spikes
|
|-damage|p2a: Corsola|76/100|[from] Leech Seed|[of] p1a: Ferrothorn
|upkeep
|turn|29
|
|move|p2a: Corsola|Will-O-Wisp|p1a: Ferrothorn
|-status|p1a: Ferrothorn|brn
|move|p1a: Ferrothorn|Spikes|p2a: Corsola
|-sidestart|p2: MedicalMeme|Spikes
|
|-damage|p2a: Corsola|63/100|[from] Leech Seed|[of] p1a: Ferrothorn
|-damage|p1a: Ferrothorn|95/100 brn|[from] brn
|upkeep
|turn|30
|
|move|p2a: Corsola|Hex|p1a: Ferrothorn
|-damage|p1a: Ferrothorn|65/100 brn
|move|p1a: Ferrothorn|Spikes|p2a: Corsola
|-sidestart|p2: MedicalMeme|Spikes
|
|-damage|p2a: Corsola|51/100|[from] Leech Seed|[of] p1a: Ferrothorn
|-heal|p1a: Ferrothorn|77/100 brn|[silent]
|-damage|p1a: Ferrothorn|71/100 brn|[from] brn
|upkeep
|turn|31
|
|move|p2a: Corsola|Hex|p1a: Ferrothorn
|-damage|p1a: Ferrothorn|43/100 brn
|move|p1a: Ferrothorn|Spikes||[still]
|-fail|p1a: Ferrothorn
|
|-damage|p2a: Corsola|39/100|[from] Leech Seed|[of] p1a: Ferrothorn
|-heal|p1a: Ferrothorn|55/100 brn|[silent]
|-damage|p1a: Ferrothorn|49/100 brn|[from] brn
|upkeep
|turn|32
|
|move|p1a: Ferrothorn|Protect|p1a: Ferrothorn
|-singleturn|p1a: Ferrothorn|Protect
|move|p2a: Corsola|Strength Sap|p1a: Ferrothorn
|-activate|p1a: Ferrothorn|move: Protect
|
|-damage|p2a: Corsola|26/100|[from] Leech Seed|[of] p1a: Ferrothorn
|-heal|p1a: Ferrothorn|60/100 brn|[silent]
|-damage|p1a: Ferrothorn|54/100 brn|[from] brn
|upkeep
|turn|33
|
|move|p2a: Corsola|Strength Sap|p1a: Ferrothorn
|-unboost|p1a: Ferrothorn|atk|1
|-heal|p2a: Corsola|96/100
|move|p1a: Ferrothorn|Gyro Ball|p2a: Corsola
|-damage|p2a: Corsola|92/100
|
|-damage|p2a: Corsola|79/100|[from] Leech Seed|[of] p1a: Ferrothorn
|-heal|p1a: Ferrothorn|65/100 brn|[silent]
|-damage|p1a: Ferrothorn|59/100 brn|[from] brn
|upkeep
|turn|34
|
|switch|p2a: Avalugg|Avalugg, M|100/100
|move|p1a: Ferrothorn|Protect||[still]
|-fail|p1a: Ferrothorn
|
|-damage|p1a: Ferrothorn|53/100 brn|[from] brn
|upkeep
|turn|35
|
|move|p2a: Avalugg|Body Press|p1a: Ferrothorn
|-supereffective|p1a: Ferrothorn
|-damage|p1a: Ferrothorn|7/100 brn
|-damage|p2a: Avalugg|88/100|[from] ability: Iron Barbs|[of] p1a: Ferrothorn
|-damage|p2a: Avalugg|72/100|[from] item: Rocky Helmet|[of] p1a: Ferrothorn
|move|p1a: Ferrothorn|Leech Seed|p2a: Avalugg|[miss]
|-miss|p1a: Ferrothorn|p2a: Avalugg
|
|-damage|p1a: Ferrothorn|1/100 brn|[from] brn
|upkeep
|turn|36
|
|move|p2a: Avalugg|Rapid Spin|p1a: Ferrothorn
|-resisted|p1a: Ferrothorn
|-damage|p1a: Ferrothorn|0 fnt
|-damage|p2a: Avalugg|59/100|[from] ability: Iron Barbs|[of] p1a: Ferrothorn
|-damage|p2a: Avalugg|43/100|[from] item: Rocky Helmet|[of] p1a: Ferrothorn
|-sideend|p2: MedicalMeme|Spikes|[from] move: Rapid Spin|[of] p2a: Avalugg
|-boost|p2a: Avalugg|spe|1
|faint|p1a: Ferrothorn
|
|upkeep
|
|switch|p1a: Pelipper|Pelipper, M|12/100 tox
|-damage|p1a: Pelipper|0 fnt|[from] Stealth Rock
|faint|p1a: Pelipper
|
|switch|p1a: Barraskewda|Barraskewda, F|11/100
|-damage|p1a: Barraskewda|0 fnt|[from] Stealth Rock
|faint|p1a: Barraskewda
|
|switch|p1a: Dracovish|Dracovish|100/100
|-damage|p1a: Dracovish|88/100|[from] Stealth Rock
|turn|37
|
|move|p1a: Dracovish|Fishious Rend|p2a: Avalugg
|-damage|p2a: Avalugg|4/100
|move|p2a: Avalugg|Recover|p2a: Avalugg
|-heal|p2a: Avalugg|54/100
|
|upkeep
|turn|38
|
|move|p1a: Dracovish|Fishious Rend|p2a: Avalugg
|-damage|p2a: Avalugg|12/100
|move|p2a: Avalugg|Recover|p2a: Avalugg
|-heal|p2a: Avalugg|62/100
|
|upkeep
|turn|39
|
|move|p1a: Dracovish|Fishious Rend|p2a: Avalugg
|-damage|p2a: Avalugg|20/100
|move|p2a: Avalugg|Recover|p2a: Avalugg
|-heal|p2a: Avalugg|70/100
|
|upkeep
|turn|40
|
|move|p1a: Dracovish|Fishious Rend|p2a: Avalugg
|-crit|p2a: Avalugg
|-damage|p2a: Avalugg|6/100
|move|p2a: Avalugg|Recover|p2a: Avalugg
|-heal|p2a: Avalugg|56/100
|
|upkeep
|turn|41
|
|move|p1a: Dracovish|Fishious Rend|p2a: Avalugg
|-damage|p2a: Avalugg|13/100
|move|p2a: Avalugg|Recover|p2a: Avalugg
|-heal|p2a: Avalugg|63/100
|
|upkeep
|turn|42
|
|move|p1a: Dracovish|Fishious Rend|p2a: Avalugg
|-damage|p2a: Avalugg|23/100
|move|p2a: Avalugg|Recover|p2a: Avalugg
|-heal|p2a: Avalugg|73/100
|
|upkeep
|turn|43
|
|move|p1a: Dracovish|Fishious Rend|p2a: Avalugg
|-damage|p2a: Avalugg|35/100
|move|p2a: Avalugg|Recover|p2a: Avalugg
|-heal|p2a: Avalugg|85/100
|
|upkeep
|turn|44
|
|move|p1a: Dracovish|Fishious Rend|p2a: Avalugg
|-damage|p2a: Avalugg|43/100
|move|p2a: Avalugg|Recover|p2a: Avalugg
|-heal|p2a: Avalugg|93/100
|
|upkeep
|turn|45
|
|move|p1a: Dracovish|Fishious Rend|p2a: Avalugg
|-damage|p2a: Avalugg|51/100
|move|p2a: Avalugg|Recover|p2a: Avalugg
|-heal|p2a: Avalugg|100/100
|
|upkeep
|turn|46
|
|move|p1a: Dracovish|Fishious Rend|p2a: Avalugg
|-damage|p2a: Avalugg|59/100
|move|p2a: Avalugg|Avalanche|p1a: Dracovish
|-damage|p1a: Dracovish|38/100
|
|upkeep
|turn|47
|
|move|p1a: Dracovish|Fishious Rend|p2a: Avalugg
|-damage|p2a: Avalugg|17/100
|move|p2a: Avalugg|Avalanche|p1a: Dracovish
|-damage|p1a: Dracovish|0 fnt
|faint|p1a: Dracovish
|
|upkeep
|-message|AzGriffon forfeited.
|
|win|MedicalMeme
|l|☆AzGriffon
|raw|AzGriffon's rating: 1112 → 1085(-27 for losing)
|raw|MedicalMeme's rating: 1081 → 1111(+30 for winning)
