|ScrapeTime|2020-01-01-23:26:45
|j|☆AngelIncarnate
|j|☆bumblebee851
|player|p1|AngelIncarnate|collector|1084
|player|p2|bumblebee851|169|1069
|teamsize|p1|6
|teamsize|p2|6
|gametype|singles
|gen|8
|tier|[Gen 8] OU
|rated|
|rule|Sleep Clause Mod: Limit one foe put to sleep
|rule|Species Clause: Limit one of each Pokémon
|rule|OHKO Clause: OHKO moves are banned
|rule|Evasion Moves Clause: Evasion moves are banned
|rule|Endless Battle Clause: Forcing endless battles is banned
|rule|HP Percentage Mod: HP is shown in percentages
|clearpoke
|poke|p1|Clefable, F|
|poke|p1|Dragapult, M|
|poke|p1|Excadrill, F|
|poke|p1|Ferrothorn, F|
|poke|p1|Seismitoad, M|
|poke|p1|Hydreigon, F|
|poke|p2|Gyarados, F|
|poke|p2|Hatterene, F|
|poke|p2|Hydreigon, F|
|poke|p2|Toxtricity, F|
|poke|p2|Rotom-Mow|
|poke|p2|Excadrill, M|
|rule|Dynamax Clause: You cannot dynamax
|teampreview
|
|start
|switch|p1a: Hydreigon|Hydreigon, F|100/100
|switch|p2a: Excadrill|Excadrill, M|100/100
|-ability|p2a: Excadrill|Mold Breaker
|turn|1
|inactive|Battle timer is ON: inactive players will automatically lose when time's up. (requested by bumblebee851)
|
|move|p1a: Hydreigon|Fire Blast|p2a: Excadrill
|-supereffective|p2a: Excadrill
|-damage|p2a: Excadrill|8/100
|move|p2a: Excadrill|Rapid Spin|p1a: Hydreigon
|-damage|p1a: Hydreigon|80/100
|-boost|p2a: Excadrill|spe|1
|
|-heal|p2a: Excadrill|14/100|[from] item: Leftovers
|upkeep
|turn|2
|
|move|p1a: Hydreigon|Fire Blast|p2a: Excadrill
|-supereffective|p2a: Excadrill
|-crit|p2a: Excadrill
|-damage|p2a: Excadrill|0 fnt
|faint|p2a: Excadrill
|
|upkeep
|
|switch|p2a: Hydreigon|Hydreigon, F|100/100
|turn|3
|
|switch|p1a: Clefable|Clefable, F|100/100
|move|p2a: Hydreigon|Dark Pulse|p1a: Clefable
|-resisted|p1a: Clefable
|-damage|p1a: Clefable|81/100
|
|upkeep
|turn|4
|
|switch|p2a: Toxtricity|Toxtricity, F|100/100
|move|p1a: Clefable|Moonblast|p2a: Toxtricity
|-resisted|p2a: Toxtricity
|-damage|p2a: Toxtricity|56/100
|
|upkeep
|turn|5
|
|switch|p1a: Excadrill|Excadrill, F|100/100
|-ability|p1a: Excadrill|Mold Breaker
|move|p2a: Toxtricity|Taunt|p1a: Excadrill
|-start|p1a: Excadrill|move: Taunt
|
|upkeep
|turn|6
|
|switch|p2a: Gyarados|Gyarados, F|100/100
|-ability|p2a: Gyarados|Intimidate|boost
|-unboost|p1a: Excadrill|atk|1
|move|p1a: Excadrill|Earthquake|p2a: Gyarados
|-immune|p2a: Gyarados
|
|upkeep
|turn|7
|
|switch|p1a: Ferrothorn|Ferrothorn, F|100/100
|move|p2a: Gyarados|Dragon Dance|p2a: Gyarados
|-boost|p2a: Gyarados|atk|1
|-boost|p2a: Gyarados|spe|1
|
|upkeep
|turn|8
|
|move|p2a: Gyarados|Earthquake|p1a: Ferrothorn
|-damage|p1a: Ferrothorn|60/100
|-damage|p2a: Gyarados|91/100|[from] item: Life Orb
|move|p1a: Ferrothorn|Power Whip|p2a: Gyarados
|-damage|p2a: Gyarados|40/100
|
|-heal|p1a: Ferrothorn|66/100|[from] item: Leftovers
|upkeep
|turn|9
|
|switch|p2a: Hydreigon|Hydreigon, F|100/100
|move|p1a: Ferrothorn|Power Whip|p2a: Hydreigon
|-resisted|p2a: Hydreigon
|-damage|p2a: Hydreigon|76/100
|
|-heal|p1a: Ferrothorn|72/100|[from] item: Leftovers
|upkeep
|turn|10
|
|switch|p1a: Clefable|Clefable, F|81/100
|move|p2a: Hydreigon|Flamethrower|p1a: Clefable
|-damage|p1a: Clefable|49/100
|
|upkeep
|turn|11
|
|switch|p2a: Toxtricity|Toxtricity, F|56/100
|move|p1a: Clefable|Moonblast|p2a: Toxtricity
|-resisted|p2a: Toxtricity
|-damage|p2a: Toxtricity|10/100
|
|upkeep
|turn|12
|
|switch|p1a: Excadrill|Excadrill, F|100/100
|-ability|p1a: Excadrill|Mold Breaker
|move|p2a: Toxtricity|Boomburst|p1a: Excadrill
|-resisted|p1a: Excadrill
|-damage|p1a: Excadrill|57/100
|-enditem|p2a: Toxtricity|Throat Spray
|-boost|p2a: Toxtricity|spa|1
|
|upkeep
|turn|13
|
|move|p1a: Excadrill|Iron Head|p2a: Toxtricity
|-resisted|p2a: Toxtricity
|-damage|p2a: Toxtricity|0 fnt
|faint|p2a: Toxtricity
|
|upkeep
|
|switch|p2a: Gyarados|Gyarados, F|40/100
|-ability|p2a: Gyarados|Intimidate|boost
|-unboost|p1a: Excadrill|atk|1
|turn|14
|
|switch|p1a: Ferrothorn|Ferrothorn, F|72/100
|move|p2a: Gyarados|Earthquake|p1a: Ferrothorn
|-damage|p1a: Ferrothorn|46/100
|-damage|p2a: Gyarados|30/100|[from] item: Life Orb
|
|-heal|p1a: Ferrothorn|52/100|[from] item: Leftovers
|upkeep
|turn|15
|
|switch|p2a: Hatterene|Hatterene, F|100/100
|move|p1a: Ferrothorn|Power Whip|p2a: Hatterene
|-damage|p2a: Hatterene|52/100
|
|-heal|p1a: Ferrothorn|58/100|[from] item: Leftovers
|upkeep
|turn|16
|
|move|p2a: Hatterene|Mystical Fire|p1a: Ferrothorn
|-supereffective|p1a: Ferrothorn
|-damage|p1a: Ferrothorn|0 fnt
|faint|p1a: Ferrothorn
|
|upkeep
|
|switch|p1a: Seismitoad|Seismitoad, M|100/100
|turn|17
|
|move|p1a: Seismitoad|Scald|p2a: Hatterene
|-damage|p2a: Hatterene|27/100
|move|p2a: Hatterene|Dazzling Gleam|p1a: Seismitoad
|-damage|p1a: Seismitoad|38/100
|
|upkeep
|turn|18
|
|switch|p1a: Hydreigon|Hydreigon, F|80/100
|move|p2a: Hatterene|Psychic|p1a: Hydreigon
|-immune|p1a: Hydreigon
|
|upkeep
|turn|19
|
|move|p1a: Hydreigon|Fire Blast|p2a: Hatterene
|-damage|p2a: Hatterene|0 fnt
|faint|p2a: Hatterene
|
|upkeep
|
|switch|p2a: Hydreigon|Hydreigon, F|76/100
|turn|20
|
|switch|p1a: Clefable|Clefable, F|49/100
|move|p2a: Hydreigon|Dark Pulse|p1a: Clefable
|-resisted|p1a: Clefable
|-damage|p1a: Clefable|29/100
|
|upkeep
|turn|21
|
|move|p2a: Hydreigon|Earth Power|p1a: Clefable
|-damage|p1a: Clefable|0 fnt
|faint|p1a: Clefable
|
|upkeep
|
|switch|p1a: Dragapult|Dragapult, M|100/100
|turn|22
|
|move|p1a: Dragapult|Shadow Ball|p2a: Hydreigon
|-resisted|p2a: Hydreigon
|-damage|p2a: Hydreigon|57/100
|move|p2a: Hydreigon|Dark Pulse|p1a: Dragapult
|-supereffective|p1a: Dragapult
|-damage|p1a: Dragapult|0 fnt
|faint|p1a: Dragapult
|
|upkeep
|
|switch|p1a: Hydreigon|Hydreigon, F|80/100
|turn|23
|
|move|p1a: Hydreigon|Draco Meteor|p2a: Hydreigon
|-supereffective|p2a: Hydreigon
|-damage|p2a: Hydreigon|0 fnt
|-unboost|p1a: Hydreigon|spa|2
|faint|p2a: Hydreigon
|
|upkeep
|
|switch|p2a: Rotom|Rotom-Mow|100/100
|turn|24
|
|move|p1a: Hydreigon|Draco Meteor|p2a: Rotom
|-damage|p2a: Rotom|55/100
|-unboost|p1a: Hydreigon|spa|2
|move|p2a: Rotom|Will-O-Wisp|p1a: Hydreigon
|-status|p1a: Hydreigon|brn
|
|-heal|p2a: Rotom|61/100|[from] item: Leftovers
|-damage|p1a: Hydreigon|74/100 brn|[from] brn
|upkeep
|turn|25
|
|move|p1a: Hydreigon|Draco Meteor|p2a: Rotom|[miss]
|-miss|p1a: Hydreigon|p2a: Rotom
|move|p2a: Rotom|Hex|p1a: Hydreigon
|-resisted|p1a: Hydreigon
|-damage|p1a: Hydreigon|52/100 brn
|
|-heal|p2a: Rotom|68/100|[from] item: Leftovers
|-damage|p1a: Hydreigon|46/100 brn|[from] brn
|upkeep
|turn|26
|
|move|p1a: Hydreigon|Draco Meteor|p2a: Rotom
|-damage|p2a: Rotom|36/100
|-unboost|p1a: Hydreigon|spa|2
|move|p2a: Rotom|Volt Switch|p1a: Hydreigon
|-resisted|p1a: Hydreigon
|-damage|p1a: Hydreigon|30/100 brn
|
|switch|p2a: Gyarados|Gyarados, F|30/100|[from]move: Volt Switch
|-ability|p2a: Gyarados|Intimidate|boost
|-unboost|p1a: Hydreigon|atk|1
|
|-damage|p1a: Hydreigon|24/100 brn|[from] brn
|upkeep
|turn|27
|
|switch|p1a: Seismitoad|Seismitoad, M|38/100
|move|p2a: Gyarados|Waterfall|p1a: Seismitoad
|-heal|p1a: Seismitoad|63/100|[from] ability: Water Absorb|[of] p2a: Gyarados
|
|upkeep
|turn|28
|
|move|p2a: Gyarados|Power Whip|p1a: Seismitoad
|-supereffective|p1a: Seismitoad
|-damage|p1a: Seismitoad|0 fnt
|-damage|p2a: Gyarados|14/100|[from] item: Rocky Helmet|[of] p1a: Seismitoad
|-damage|p2a: Gyarados|4/100|[from] item: Life Orb
|faint|p1a: Seismitoad
|
|upkeep
|
|switch|p1a: Excadrill|Excadrill, F|57/100
|-ability|p1a: Excadrill|Mold Breaker
|turn|29
|
|move|p1a: Excadrill|Iron Head|p2a: Gyarados
|-resisted|p2a: Gyarados
|-damage|p2a: Gyarados|0 fnt
|faint|p2a: Gyarados
|
|upkeep
|
|switch|p2a: Rotom|Rotom-Mow|36/100
|turn|30
|
|move|p1a: Excadrill|Earthquake|p2a: Rotom
|-damage|p2a: Rotom|0 fnt
|faint|p2a: Rotom
|
|win|AngelIncarnate
|l|☆bumblebee851
|raw|AngelIncarnate's rating: 1084 → 1110(+26 for winning)
|raw|bumblebee851's rating: 1069 → 1050(-19 for losing)
