|ScrapeTime|2020-01-03-00:46:26
|j|☆apemonkey
|j|☆ThunderboltBay
|player|p1|apemonkey|2|1167
|player|p2|ThunderboltBay|1|1137
|teamsize|p1|6
|teamsize|p2|6
|gametype|singles
|gen|8
|tier|[Gen 8] OU
|rated|
|rule|Sleep Clause Mod: Limit one foe put to sleep
|rule|Species Clause: Limit one of each Pokémon
|rule|OHKO Clause: OHKO moves are banned
|rule|Evasion Moves Clause: Evasion moves are banned
|rule|Endless Battle Clause: Forcing endless battles is banned
|rule|HP Percentage Mod: HP is shown in percentages
|clearpoke
|poke|p1|Dugtrio, F|
|poke|p1|Obstagoon, F|
|poke|p1|Jolteon, M|
|poke|p1|Weezing-Galar, M|
|poke|p1|Hydreigon, M|
|poke|p1|Clefable, M|
|poke|p2|Toxapex, M|
|poke|p2|Dragapult, M|
|poke|p2|Froslass, F|
|poke|p2|Ninetales, F|
|poke|p2|Bisharp, M|
|poke|p2|Toxtricity, M|
|rule|Dynamax Clause: You cannot dynamax
|teampreview
|
|start
|switch|p1a: Hydreigon|Hydreigon, M, shiny|100/100
|switch|p2a: Froslass|Froslass, F|100/100
|turn|1
|
|switch|p1a: Obstagoon|Obstagoon, F|100/100
|move|p2a: Froslass|Thunder Wave|p1a: Obstagoon
|-status|p1a: Obstagoon|par
|
|upkeep
|turn|2
|
|switch|p2a: Toxapex|Toxapex, M|100/100
|move|p1a: Obstagoon|Throat Chop|p2a: Toxapex
|-damage|p2a: Toxapex|59/100
|-start|p2a: Toxapex|Throat Chop|[silent]
|
|-heal|p2a: Toxapex|65/100|[from] item: Black Sludge
|upkeep
|turn|3
|
|switch|p1a: Weezing|Weezing-Galar, M|100/100
|move|p2a: Toxapex|Recover|p2a: Toxapex
|-heal|p2a: Toxapex|100/100
|
|-end|p2a: Toxapex|Throat Chop|[silent]
|upkeep
|turn|4
|
|switch|p2a: Bisharp|Bisharp, M|100/100
|move|p1a: Weezing|Taunt|p2a: Bisharp
|-start|p2a: Bisharp|move: Taunt
|
|upkeep
|turn|5
|
|switch|p1a: Obstagoon|Obstagoon, F|100/100 par
|move|p2a: Bisharp|Iron Head|p1a: Obstagoon
|-damage|p1a: Obstagoon|42/100 par
|-damage|p2a: Bisharp|91/100|[from] item: Life Orb
|
|upkeep
|turn|6
|
|move|p2a: Bisharp|Iron Head|p1a: Obstagoon
|-damage|p1a: Obstagoon|0 fnt
|-damage|p2a: Bisharp|81/100|[from] item: Life Orb
|faint|p1a: Obstagoon
|
|-end|p2a: Bisharp|move: Taunt
|upkeep
|
|switch|p1a: Clefable|Clefable, M, shiny|100/100
|turn|7
|
|move|p2a: Bisharp|Iron Head|p1a: Clefable
|-supereffective|p1a: Clefable
|-damage|p1a: Clefable|0 fnt
|-damage|p2a: Bisharp|71/100|[from] item: Life Orb
|faint|p1a: Clefable
|
|upkeep
|-message|apemonkey forfeited.
|
|win|ThunderboltBay
|l|☆apemonkey
|raw|apemonkey's rating: 1167 → 1140(-27 for losing)
|raw|ThunderboltBay's rating: 1137 → 1164(+27 for winning)
