|ScrapeTime|2020-01-02-07:35:29
|j|☆stupid nooby
|j|☆Bygana
|player|p1|stupid nooby|palmer|1202
|player|p2|Bygana|iris-gen5bw2|1154
|teamsize|p1|6
|teamsize|p2|6
|gametype|singles
|gen|8
|tier|[Gen 8] OU
|rated|
|rule|Sleep Clause Mod: Limit one foe put to sleep
|rule|Species Clause: Limit one of each Pokémon
|rule|OHKO Clause: OHKO moves are banned
|rule|Evasion Moves Clause: Evasion moves are banned
|rule|Endless Battle Clause: Forcing endless battles is banned
|rule|HP Percentage Mod: HP is shown in percentages
|clearpoke
|poke|p1|Grimmsnarl, M|
|poke|p1|Kommo-o, F|
|poke|p1|Corviknight, F|
|poke|p1|Clefable, M|
|poke|p1|Reuniclus, F|
|poke|p1|Drapion, M|
|poke|p2|Dragapult, M|
|poke|p2|Aegislash, F|
|poke|p2|Dugtrio, M|
|poke|p2|Quagsire, F|
|poke|p2|Corviknight, F|
|poke|p2|Mandibuzz, F|
|rule|Dynamax Clause: You cannot dynamax
|teampreview
|inactive|Battle timer is ON: inactive players will automatically lose when time's up. (requested by stupid nooby)
|inactive|Bygana also wants the timer to be on.
|
|start
|switch|p1a: Grimmsnarl|Grimmsnarl, M|100/100
|switch|p2a: Quagsire|Quagsire, F|100/100
|turn|1
|
|move|p1a: Grimmsnarl|Light Screen|p1a: Grimmsnarl
|-sidestart|p1: stupid nooby|move: Light Screen
|move|p2a: Quagsire|Toxic|p1a: Grimmsnarl
|-status|p1a: Grimmsnarl|tox
|
|-damage|p1a: Grimmsnarl|94/100 tox|[from] psn
|upkeep
|turn|2
|
|move|p1a: Grimmsnarl|Reflect|p1a: Grimmsnarl
|-sidestart|p1: stupid nooby|Reflect
|move|p2a: Quagsire|Earthquake|p1a: Grimmsnarl
|-damage|p1a: Grimmsnarl|83/100 tox
|
|-damage|p1a: Grimmsnarl|71/100 tox|[from] psn
|upkeep
|turn|3
|
|switch|p1a: Clefable|Clefable, M|100/100
|switch|p2a: Sniper|Dragapult, M|100/100
|
|upkeep
|turn|4
|
|move|p2a: Sniper|Substitute|p2a: Sniper
|-start|p2a: Sniper|Substitute
|-damage|p2a: Sniper|76/100
|move|p1a: Clefable|Cosmic Power|p1a: Clefable
|-boost|p1a: Clefable|def|1
|-boost|p1a: Clefable|spd|1
|
|-heal|p2a: Sniper|82/100|[from] item: Leftovers
|upkeep
|turn|5
|
|move|p2a: Sniper|Dragon Dance|p2a: Sniper
|-boost|p2a: Sniper|atk|1
|-boost|p2a: Sniper|spe|1
|move|p1a: Clefable|Cosmic Power|p1a: Clefable
|-boost|p1a: Clefable|def|1
|-boost|p1a: Clefable|spd|1
|
|-heal|p2a: Sniper|88/100|[from] item: Leftovers
|upkeep
|turn|6
|
|move|p2a: Sniper|Dragon Dance|p2a: Sniper
|-boost|p2a: Sniper|atk|1
|-boost|p2a: Sniper|spe|1
|move|p1a: Clefable|Moonblast|p2a: Sniper
|-supereffective|p2a: Sniper
|-end|p2a: Sniper|Substitute
|
|-heal|p2a: Sniper|94/100|[from] item: Leftovers
|upkeep
|turn|7
|
|move|p2a: Sniper|Phantom Force||[still]
|-prepare|p2a: Sniper|Phantom Force|p1a: Clefable
|move|p1a: Clefable|Moonblast|p2a: Sniper|[miss]
|-miss|p1a: Clefable|p2a: Sniper
|
|-heal|p2a: Sniper|99/100|[from] item: Leftovers
|upkeep
|turn|8
|
|move|p2a: Sniper|Phantom Force|p1a: Clefable|[from]lockedmove
|-damage|p1a: Clefable|61/100
|move|p1a: Clefable|Moonblast|p2a: Sniper
|-supereffective|p2a: Sniper
|-damage|p2a: Sniper|14/100
|
|-heal|p2a: Sniper|20/100|[from] item: Leftovers
|-sideend|p1: stupid nooby|move: Light Screen
|upkeep
|turn|9
|
|move|p2a: Sniper|Phantom Force||[still]
|-prepare|p2a: Sniper|Phantom Force|p1a: Clefable
|move|p1a: Clefable|Cosmic Power|p1a: Clefable
|-boost|p1a: Clefable|def|1
|-boost|p1a: Clefable|spd|1
|
|-heal|p2a: Sniper|26/100|[from] item: Leftovers
|-sideend|p1: stupid nooby|Reflect
|upkeep
|turn|10
|
|move|p2a: Sniper|Phantom Force|p1a: Clefable|[from]lockedmove
|-damage|p1a: Clefable|27/100
|move|p1a: Clefable|Moonblast|p2a: Sniper
|-supereffective|p2a: Sniper
|-damage|p2a: Sniper|0 fnt
|faint|p2a: Sniper
|
|upkeep
|
|switch|p2a: Corviknight|Corviknight, F|100/100
|turn|11
|
|move|p2a: Corviknight|Brave Bird|p1a: Clefable
|-damage|p1a: Clefable|15/100
|-enditem|p1a: Clefable|Aguav Berry|[eat]
|-heal|p1a: Clefable|48/100|[from] item: Aguav Berry
|-damage|p2a: Corviknight|96/100|[from] Recoil
|move|p1a: Clefable|Moonlight|p1a: Clefable
|-heal|p1a: Clefable|98/100
|
|-heal|p2a: Corviknight|100/100|[from] item: Leftovers
|upkeep
|turn|12
|
|switch|p2a: Tank|Aegislash, F|100/100
|move|p1a: Clefable|Moonblast|p2a: Tank
|-resisted|p2a: Tank
|-damage|p2a: Tank|86/100
|
|-heal|p2a: Tank|92/100|[from] item: Leftovers
|upkeep
|turn|13
|
|move|p2a: Tank|Metal Sound|p1a: Clefable
|-unboost|p1a: Clefable|spd|2
|move|p1a: Clefable|Flamethrower|p2a: Tank
|-supereffective|p2a: Tank
|-damage|p2a: Tank|56/100
|
|-heal|p2a: Tank|62/100|[from] item: Leftovers
|upkeep
|turn|14
|
|move|p2a: Tank|King's Shield|p2a: Tank
|-singleturn|p2a: Tank|Protect
|move|p1a: Clefable|Flamethrower|p2a: Tank
|-activate|p2a: Tank|move: Protect
|
|-heal|p2a: Tank|68/100|[from] item: Leftovers
|upkeep
|turn|15
|
|switch|p2a: Quagsire|Quagsire, F|100/100
|move|p1a: Clefable|Flamethrower|p2a: Quagsire
|-resisted|p2a: Quagsire
|-damage|p2a: Quagsire|89/100
|
|-heal|p2a: Quagsire|95/100|[from] item: Leftovers
|upkeep
|turn|16
|
|move|p1a: Clefable|Cosmic Power|p1a: Clefable
|-boost|p1a: Clefable|def|1
|-boost|p1a: Clefable|spd|1
|move|p2a: Quagsire|Toxic|p1a: Clefable
|-status|p1a: Clefable|tox
|
|-heal|p2a: Quagsire|100/100|[from] item: Leftovers
|upkeep
|turn|17
|
|switch|p2a: Mandibuzz|Mandibuzz, F|100/100
|move|p1a: Clefable|Cosmic Power|p1a: Clefable
|-boost|p1a: Clefable|def|1
|-boost|p1a: Clefable|spd|1
|
|upkeep
|turn|18
|
|move|p2a: Mandibuzz|U-turn|p1a: Clefable
|-resisted|p1a: Clefable
|-damage|p1a: Clefable|97/100 tox
|
|switch|p2a: Support Squad|Dugtrio, M|100/100|[from]move: U-turn
|move|p1a: Clefable|Moonblast|p2a: Support Squad
|-crit|p2a: Support Squad
|-enditem|p2a: Support Squad|Focus Sash
|-damage|p2a: Support Squad|1/100
|-unboost|p2a: Support Squad|spa|1
|
|upkeep
|turn|19
|
|move|p2a: Support Squad|Stealth Rock|p1a: Clefable
|-sidestart|p1: stupid nooby|move: Stealth Rock
|move|p1a: Clefable|Moonblast|p2a: Support Squad
|-damage|p2a: Support Squad|0 fnt
|faint|p2a: Support Squad
|
|upkeep
|
|switch|p2a: Tank|Aegislash, F|68/100
|turn|20
|
|move|p2a: Tank|King's Shield|p2a: Tank
|-singleturn|p2a: Tank|Protect
|move|p1a: Clefable|Flamethrower|p2a: Tank
|-activate|p2a: Tank|move: Protect
|
|-heal|p2a: Tank|74/100|[from] item: Leftovers
|upkeep
|turn|21
|c|☆Bygana|you clef not taking toxic damage?
|c|☆stupid nooby|of course
|inactive|Bygana has 120 seconds left.
|
|switch|p2a: Quagsire|Quagsire, F|100/100
|move|p1a: Clefable|Flamethrower|p2a: Quagsire
|-resisted|p2a: Quagsire
|-damage|p2a: Quagsire|89/100
|
|-heal|p2a: Quagsire|95/100|[from] item: Leftovers
|upkeep
|turn|22
|c|☆Bygana|why tho?
|inactive|Bygana has 120 seconds left.
|c|☆Bygana|she should be taking 43% right now
|l|☆stupid nooby
|inactive|stupid nooby disconnected and has a minute to reconnect!
|player|p1|
|j|☆stupid nooby
|inactive|stupid nooby reconnected and has 115 seconds left.
|player|p1|stupid nooby|palmer
|
|move|p1a: Clefable|Moonblast|p2a: Quagsire
|-damage|p2a: Quagsire|58/100
|move|p2a: Quagsire|Earthquake|p1a: Clefable
|-damage|p1a: Clefable|89/100 tox
|
|-heal|p2a: Quagsire|64/100|[from] item: Leftovers
|upkeep
|turn|23
|
|move|p1a: Clefable|Moonblast|p2a: Quagsire
|-crit|p2a: Quagsire
|-damage|p2a: Quagsire|4/100
|-unboost|p2a: Quagsire|spa|1
|move|p2a: Quagsire|Earthquake|p1a: Clefable
|-damage|p1a: Clefable|81/100 tox
|
|-heal|p2a: Quagsire|10/100|[from] item: Leftovers
|upkeep
|turn|24
|-message|Bygana forfeited.
|
|win|stupid nooby
|l|☆Bygana
|raw|stupid nooby's rating: 1202 → 1223(+21 for winning)
|raw|Bygana's rating: 1154 → 1133(-21 for losing)
