|ScrapeTime|2020-01-02-15:29:00
|j|☆Guigero
|j|☆jl88funhs2001
|player|p1|Guigero|101|1038
|player|p2|jl88funhs2001|unknownf|1077
|teamsize|p1|6
|teamsize|p2|6
|gametype|singles
|gen|8
|tier|[Gen 8] OU
|rated|
|rule|Sleep Clause Mod: Limit one foe put to sleep
|rule|Species Clause: Limit one of each Pokémon
|rule|OHKO Clause: OHKO moves are banned
|rule|Evasion Moves Clause: Evasion moves are banned
|rule|Endless Battle Clause: Forcing endless battles is banned
|rule|HP Percentage Mod: HP is shown in percentages
|clearpoke
|poke|p1|Tyranitar, M|
|poke|p1|Gyarados, M|
|poke|p1|Toxtricity, M|
|poke|p1|Grimmsnarl, M|
|poke|p1|Dragapult, M|
|poke|p1|Cinderace, M|
|poke|p2|Clefable, F|
|poke|p2|Milotic, F|
|poke|p2|Toxapex, M|
|poke|p2|Corviknight, M|
|poke|p2|Coalossal, M|
|poke|p2|Dragapult, M|
|rule|Dynamax Clause: You cannot dynamax
|teampreview
|inactive|Battle timer is ON: inactive players will automatically lose when time's up. (requested by Guigero)
|
|start
|switch|p1a: Tyranitar|Tyranitar, M|100/100
|switch|p2a: Clefable|Clefable, F|100/100
|-weather|Sandstorm|[from] ability: Sand Stream|[of] p1a: Tyranitar
|turn|1
|
|move|p2a: Clefable|Stealth Rock|p1a: Tyranitar
|-sidestart|p1: Guigero|move: Stealth Rock
|move|p1a: Tyranitar|Stealth Rock|p2a: Clefable
|-sidestart|p2: jl88funhs2001|move: Stealth Rock
|
|-weather|Sandstorm|[upkeep]
|upkeep
|turn|2
|inactive|jl88funhs2001 has 120 seconds left.
|c|☆Guigero|Go
|inactive|jl88funhs2001 has 90 seconds left.
|
|switch|p2a: Corviknight|Corviknight, M|100/100
|-damage|p2a: Corviknight|88/100|[from] Stealth Rock
|move|p1a: Tyranitar|Earthquake|p2a: Corviknight
|-immune|p2a: Corviknight
|
|-weather|Sandstorm|[upkeep]
|-heal|p2a: Corviknight|94/100|[from] item: Leftovers
|upkeep
|turn|3
|inactive|jl88funhs2001 has 90 seconds left.
|
|switch|p2a: Milotic|Milotic, F|100/100
|-damage|p2a: Milotic|88/100|[from] Stealth Rock
|move|p1a: Tyranitar|Flamethrower|p2a: Milotic
|-resisted|p2a: Milotic
|-crit|p2a: Milotic
|-damage|p2a: Milotic|76/100
|-status|p2a: Milotic|brn
|
|-weather|Sandstorm|[upkeep]
|-damage|p2a: Milotic|69/100 brn|[from] Sandstorm
|-damage|p2a: Milotic|63/100 brn|[from] brn
|upkeep
|turn|4
|inactive|jl88funhs2001 has 90 seconds left.
|
|switch|p2a: Corviknight|Corviknight, M|94/100
|-damage|p2a: Corviknight|82/100|[from] Stealth Rock
|switch|p1a: Toxtricity|Toxtricity, M|100/100
|-damage|p1a: Toxtricity|88/100|[from] Stealth Rock
|
|-weather|Sandstorm|[upkeep]
|-damage|p1a: Toxtricity|82/100|[from] Sandstorm
|-heal|p2a: Corviknight|88/100|[from] item: Leftovers
|upkeep
|turn|5
|
|switch|p2a: Dragapult|Dragapult, M|100/100
|-damage|p2a: Dragapult|88/100|[from] Stealth Rock
|move|p1a: Toxtricity|Volt Switch|p2a: Dragapult
|-resisted|p2a: Dragapult
|-damage|p2a: Dragapult|57/100
|
|switch|p1a: Grimmsnarl|Grimmsnarl, M|100/100|[from]move: Volt Switch
|-damage|p1a: Grimmsnarl|88/100|[from] Stealth Rock
|
|-weather|none
|-heal|p2a: Dragapult|63/100|[from] item: Leftovers
|upkeep
|turn|6
|
|switch|p2a: Coalossal|Coalossal, M|100/100
|-damage|p2a: Coalossal|76/100|[from] Stealth Rock
|move|p1a: Grimmsnarl|Taunt|p2a: Coalossal
|-start|p2a: Coalossal|move: Taunt
|
|-heal|p2a: Coalossal|82/100|[from] item: Leftovers
|upkeep
|turn|7
|
|move|p1a: Grimmsnarl|Light Screen|p1a: Grimmsnarl
|-sidestart|p1: Guigero|move: Light Screen
|move|p2a: Coalossal|Flare Blitz|p1a: Grimmsnarl
|-damage|p1a: Grimmsnarl|29/100
|-damage|p2a: Coalossal|63/100|[from] Recoil
|
|-heal|p2a: Coalossal|69/100|[from] item: Leftovers
|upkeep
|turn|8
|
|move|p1a: Grimmsnarl|Spirit Break|p2a: Coalossal
|-resisted|p2a: Coalossal
|-damage|p2a: Coalossal|53/100
|-unboost|p2a: Coalossal|spa|1
|move|p2a: Coalossal|Rapid Spin|p1a: Grimmsnarl
|-damage|p1a: Grimmsnarl|12/100
|-sideend|p2: jl88funhs2001|Stealth Rock|[from] move: Rapid Spin|[of] p2a: Coalossal
|-boost|p2a: Coalossal|spe|1
|
|-heal|p2a: Coalossal|59/100|[from] item: Leftovers
|-end|p2a: Coalossal|move: Taunt
|upkeep
|turn|9
|
|move|p1a: Grimmsnarl|Reflect|p1a: Grimmsnarl
|-sidestart|p1: Guigero|Reflect
|move|p2a: Coalossal|Spikes|p1a: Grimmsnarl
|-sidestart|p1: Guigero|Spikes
|
|-heal|p2a: Coalossal|66/100|[from] item: Leftovers
|upkeep
|turn|10
|
|move|p2a: Coalossal|Flare Blitz|p1a: Grimmsnarl
|-damage|p1a: Grimmsnarl|0 fnt
|-damage|p2a: Coalossal|62/100|[from] Recoil
|faint|p1a: Grimmsnarl
|
|-heal|p2a: Coalossal|68/100|[from] item: Leftovers
|upkeep
|
|switch|p1a: Gyarados|Gyarados, M|100/100
|turn|11
|inactive|jl88funhs2001 has 90 seconds left.
|
|switch|p2a: Toxapex|Toxapex, M|100/100
|move|p1a: Gyarados|Dragon Dance|p1a: Gyarados
|-boost|p1a: Gyarados|atk|1
|-boost|p1a: Gyarados|spe|1
|
|upkeep
|turn|12
|
|move|p1a: Gyarados|Substitute|p1a: Gyarados
|-start|p1a: Gyarados|Substitute
|-damage|p1a: Gyarados|76/100
|move|p2a: Toxapex|Haze|p2a: Toxapex
|-clearallboost
|
|upkeep
|turn|13
|inactive|jl88funhs2001 has 90 seconds left.
|
|move|p1a: Gyarados|Bounce||[still]
|-prepare|p1a: Gyarados|Bounce|p2a: Toxapex
|move|p2a: Toxapex|Scald|p1a: Gyarados|[miss]
|-miss|p2a: Toxapex|p1a: Gyarados
|
|upkeep
|turn|14
|
|move|p2a: Toxapex|Baneful Bunker|p2a: Toxapex
|-singleturn|p2a: Toxapex|move: Protect
|move|p1a: Gyarados|Bounce|p2a: Toxapex|[from]lockedmove
|-activate|p2a: Toxapex|move: Protect
|-status|p1a: Gyarados|psn
|
|-damage|p1a: Gyarados|63/100 psn|[from] psn
|-sideend|p1: Guigero|move: Light Screen
|upkeep
|turn|15
|
|move|p1a: Gyarados|Dragon Dance|p1a: Gyarados
|-boost|p1a: Gyarados|atk|1
|-boost|p1a: Gyarados|spe|1
|move|p2a: Toxapex|Scald|p1a: Gyarados
|-resisted|p1a: Gyarados
|-activate|p1a: Gyarados|move: Substitute|[damage]
|
|-damage|p1a: Gyarados|51/100 psn|[from] psn
|upkeep
|turn|16
|
|move|p1a: Gyarados|Bounce||[still]
|-prepare|p1a: Gyarados|Bounce|p2a: Toxapex
|move|p2a: Toxapex|Haze|p2a: Toxapex
|-clearallboost
|
|-damage|p1a: Gyarados|39/100 psn|[from] psn
|-sideend|p1: Guigero|Reflect
|upkeep
|turn|17
|
|move|p2a: Toxapex|Baneful Bunker|p2a: Toxapex
|-singleturn|p2a: Toxapex|move: Protect
|move|p1a: Gyarados|Bounce|p2a: Toxapex|[from]lockedmove
|-activate|p2a: Toxapex|move: Protect
|
|-damage|p1a: Gyarados|26/100 psn|[from] psn
|upkeep
|turn|18
|
|move|p1a: Gyarados|Bounce||[still]
|-prepare|p1a: Gyarados|Bounce|p2a: Toxapex
|move|p2a: Toxapex|Scald|p1a: Gyarados|[miss]
|-miss|p2a: Toxapex|p1a: Gyarados
|
|-damage|p1a: Gyarados|14/100 psn|[from] psn
|upkeep
|turn|19
|inactive|jl88funhs2001 has 120 seconds left.
|
|move|p2a: Toxapex|Baneful Bunker|p2a: Toxapex
|-singleturn|p2a: Toxapex|move: Protect
|move|p1a: Gyarados|Bounce|p2a: Toxapex|[from]lockedmove
|-activate|p2a: Toxapex|move: Protect
|
|-damage|p1a: Gyarados|1/100 psn|[from] psn
|upkeep
|turn|20
|
|move|p1a: Gyarados|Waterfall|p2a: Toxapex
|-resisted|p2a: Toxapex
|-damage|p2a: Toxapex|89/100
|cant|p2a: Toxapex|flinch
|
|-heal|p2a: Toxapex|95/100|[from] item: Black Sludge
|-damage|p1a: Gyarados|0 fnt|[from] psn
|faint|p1a: Gyarados
|upkeep
|
|switch|p1a: Toxtricity|Toxtricity, M|82/100
|-damage|p1a: Toxtricity|70/100|[from] Spikes
|-damage|p1a: Toxtricity|57/100|[from] Stealth Rock
|turn|21
|inactive|jl88funhs2001 has 120 seconds left.
|
|move|p2a: Toxapex|Baneful Bunker|p2a: Toxapex
|-singleturn|p2a: Toxapex|move: Protect
|move|p1a: Toxtricity|Overdrive|p2a: Toxapex
|-activate|p2a: Toxapex|move: Protect
|
|-heal|p2a: Toxapex|100/100|[from] item: Black Sludge
|upkeep
|turn|22
|inactive|jl88funhs2001 has 120 seconds left.
|
|switch|p2a: Dragapult|Dragapult, M|63/100
|move|p1a: Toxtricity|Overdrive|p2a: Dragapult
|-resisted|p2a: Dragapult
|-damage|p2a: Dragapult|14/100
|
|-heal|p2a: Dragapult|21/100|[from] item: Leftovers
|upkeep
|turn|23
|
|move|p2a: Dragapult|Disable|p1a: Toxtricity
|-start|p1a: Toxtricity|Disable|Overdrive
|cant|p1a: Toxtricity|Disable|Overdrive
|
|-heal|p2a: Dragapult|27/100|[from] item: Leftovers
|upkeep
|turn|24
|
|move|p2a: Dragapult|Will-O-Wisp|p1a: Toxtricity
|-status|p1a: Toxtricity|brn
|-activate|p1a: Toxtricity|move: Struggle
|move|p1a: Toxtricity|Struggle|p2a: Dragapult
|-damage|p2a: Dragapult|22/100
|-damage|p1a: Toxtricity|32/100 brn|[from] recoil
|
|-heal|p2a: Dragapult|28/100|[from] item: Leftovers
|-damage|p1a: Toxtricity|26/100 brn|[from] brn
|upkeep
|turn|25
|inactive|jl88funhs2001 has 120 seconds left.
|
|move|p2a: Dragapult|Substitute|p2a: Dragapult
|-start|p2a: Dragapult|Substitute
|-damage|p2a: Dragapult|3/100
|-activate|p1a: Toxtricity|move: Struggle
|move|p1a: Toxtricity|Struggle|p2a: Dragapult
|-activate|p2a: Dragapult|move: Substitute|[damage]
|-damage|p1a: Toxtricity|1/100 brn|[from] recoil
|
|-heal|p2a: Dragapult|9/100|[from] item: Leftovers
|-damage|p1a: Toxtricity|0 fnt|[from] brn
|faint|p1a: Toxtricity
|upkeep
|
|switch|p1a: Tyranitar|Tyranitar, M|100/100
|-damage|p1a: Tyranitar|88/100|[from] Stealth Rock
|-damage|p1a: Tyranitar|76/100|[from] Spikes
|-weather|Sandstorm|[from] ability: Sand Stream|[of] p1a: Tyranitar
|turn|26
|inactive|jl88funhs2001 has 120 seconds left.
|
|move|p2a: Dragapult|Will-O-Wisp|p1a: Tyranitar|[miss]
|-miss|p2a: Dragapult|p1a: Tyranitar
|move|p1a: Tyranitar|Earthquake|p2a: Dragapult
|-end|p2a: Dragapult|Substitute
|
|-weather|Sandstorm|[upkeep]
|-damage|p2a: Dragapult|3/100|[from] Sandstorm
|-heal|p2a: Dragapult|9/100|[from] item: Leftovers
|-heal|p1a: Tyranitar|82/100|[from] item: Leftovers
|upkeep
|turn|27
|inactive|jl88funhs2001 has 120 seconds left.
|
|move|p2a: Dragapult|Will-O-Wisp|p1a: Tyranitar
|-status|p1a: Tyranitar|brn
|move|p1a: Tyranitar|Earthquake|p2a: Dragapult
|-damage|p2a: Dragapult|0 fnt
|faint|p2a: Dragapult
|
|-weather|Sandstorm|[upkeep]
|-heal|p1a: Tyranitar|88/100 brn|[from] item: Leftovers
|-damage|p1a: Tyranitar|82/100 brn|[from] brn
|upkeep
|inactive|jl88funhs2001 has 120 seconds left.
|
|switch|p2a: Milotic|Milotic, F|63/100 brn
|turn|28
|
|move|p2a: Milotic|Hydro Pump|p1a: Tyranitar
|-supereffective|p1a: Tyranitar
|-damage|p1a: Tyranitar|33/100 brn
|move|p1a: Tyranitar|Stealth Rock|p2a: Milotic
|-sidestart|p2: jl88funhs2001|move: Stealth Rock
|
|-weather|Sandstorm|[upkeep]
|-damage|p2a: Milotic|57/100 brn|[from] Sandstorm
|-heal|p1a: Tyranitar|39/100 brn|[from] item: Leftovers
|-damage|p2a: Milotic|51/100 brn|[from] brn
|-damage|p1a: Tyranitar|33/100 brn|[from] brn
|upkeep
|turn|29
|inactive|jl88funhs2001 has 120 seconds left.
|
|move|p2a: Milotic|Hydro Pump|p1a: Tyranitar
|-supereffective|p1a: Tyranitar
|-damage|p1a: Tyranitar|0 fnt
|faint|p1a: Tyranitar
|
|-weather|Sandstorm|[upkeep]
|-damage|p2a: Milotic|45/100 brn|[from] Sandstorm
|-damage|p2a: Milotic|39/100 brn|[from] brn
|upkeep
|
|switch|p1a: Dragapult|Dragapult, M|100/100
|-damage|p1a: Dragapult|88/100|[from] Spikes
|-damage|p1a: Dragapult|76/100|[from] Stealth Rock
|turn|30
|
|move|p1a: Dragapult|Thunderbolt|p2a: Milotic
|-supereffective|p2a: Milotic
|-damage|p2a: Milotic|0 fnt
|faint|p2a: Milotic
|
|-weather|none
|upkeep
|
|switch|p2a: Clefable|Clefable, F|100/100
|turn|31
|
|move|p1a: Dragapult|Shadow Ball|p2a: Clefable
|-damage|p2a: Clefable|69/100
|move|p2a: Clefable|Moonblast|p1a: Dragapult
|-supereffective|p1a: Dragapult
|-damage|p1a: Dragapult|0 fnt
|faint|p1a: Dragapult
|
|-heal|p2a: Clefable|75/100|[from] item: Leftovers
|upkeep
|
|switch|p1a: Cinderace|Cinderace, M|100/100
|turn|32
|
|move|p1a: Cinderace|Court Change|p1a: Cinderace
|-sideend|p1: Guigero|Spikes|[silent]
|-sidestart|p2: jl88funhs2001|Spikes|[silent]
|-sideend|p1: Guigero|Stealth Rock|[silent]
|-sideend|p2: jl88funhs2001|Stealth Rock|[silent]
|-sidestart|p1: Guigero|Stealth Rock|[silent]
|-sidestart|p2: jl88funhs2001|Stealth Rock|[silent]
|-activate|p1a: Cinderace|move: Court Change
|move|p2a: Clefable|Moonlight|p2a: Clefable
|-heal|p2a: Clefable|100/100
|
|upkeep
|turn|33
|
|move|p1a: Cinderace|Pyro Ball|p2a: Clefable
|-damage|p2a: Clefable|52/100
|move|p2a: Clefable|Moonblast|p1a: Cinderace
|-resisted|p1a: Cinderace
|-damage|p1a: Cinderace|77/100
|
|-heal|p2a: Clefable|58/100|[from] item: Leftovers
|upkeep
|turn|34
|
|move|p1a: Cinderace|Pyro Ball|p2a: Clefable
|-damage|p2a: Clefable|4/100
|move|p2a: Clefable|Moonlight|p2a: Clefable
|-heal|p2a: Clefable|54/100
|
|-heal|p2a: Clefable|60/100|[from] item: Leftovers
|upkeep
|turn|35
|
|move|p1a: Cinderace|Pyro Ball|p2a: Clefable
|-damage|p2a: Clefable|6/100
|move|p2a: Clefable|Moonlight|p2a: Clefable
|-heal|p2a: Clefable|56/100
|
|-heal|p2a: Clefable|62/100|[from] item: Leftovers
|upkeep
|turn|36
|
|move|p1a: Cinderace|Pyro Ball|p2a: Clefable
|-damage|p2a: Clefable|12/100
|move|p2a: Clefable|Moonlight|p2a: Clefable
|-heal|p2a: Clefable|62/100
|
|-heal|p2a: Clefable|68/100|[from] item: Leftovers
|upkeep
|turn|37
|
|move|p1a: Cinderace|U-turn|p2a: Clefable
|-resisted|p2a: Clefable
|-damage|p2a: Clefable|58/100
|move|p2a: Clefable|Moonlight|p2a: Clefable
|-heal|p2a: Clefable|100/100
|
|upkeep
|turn|38
|
|move|p1a: Cinderace|High Jump Kick|p2a: Clefable
|-resisted|p2a: Clefable
|-damage|p2a: Clefable|81/100
|move|p2a: Clefable|Moonblast|p1a: Cinderace
|-resisted|p1a: Cinderace
|-damage|p1a: Cinderace|56/100
|
|-heal|p2a: Clefable|87/100|[from] item: Leftovers
|upkeep
|turn|39
|
|move|p1a: Cinderace|Pyro Ball|p2a: Clefable
|-damage|p2a: Clefable|36/100
|move|p2a: Clefable|Moonlight|p2a: Clefable
|-heal|p2a: Clefable|86/100
|
|-heal|p2a: Clefable|92/100|[from] item: Leftovers
|upkeep
|turn|40
|
|move|p1a: Cinderace|Pyro Ball|p2a: Clefable
|-damage|p2a: Clefable|36/100
|move|p2a: Clefable|Moonblast|p1a: Cinderace
|-resisted|p1a: Cinderace
|-damage|p1a: Cinderace|33/100
|
|-heal|p2a: Clefable|42/100|[from] item: Leftovers
|upkeep
|turn|41
|
|move|p1a: Cinderace|Pyro Ball|p2a: Clefable
|-damage|p2a: Clefable|0 fnt
|faint|p2a: Clefable
|
|upkeep
|
|switch|p2a: Toxapex|Toxapex, M|100/100
|-damage|p2a: Toxapex|88/100|[from] Stealth Rock
|-damage|p2a: Toxapex|76/100|[from] Spikes
|turn|42
|
|move|p2a: Toxapex|Baneful Bunker|p2a: Toxapex
|-singleturn|p2a: Toxapex|move: Protect
|move|p1a: Cinderace|High Jump Kick|p2a: Toxapex
|-activate|p2a: Toxapex|move: Protect
|-status|p1a: Cinderace|psn
|-damage|p1a: Cinderace|0 fnt|[from] highjumpkick
|faint|p1a: Cinderace
|
|win|jl88funhs2001
|c|☆jl88funhs2001|gg
|raw|Guigero's rating: 1078 → 1056(-22 for losing)
|raw|jl88funhs2001's rating: 1077 → 1105(+28 for winning)
|l|☆Guigero
