|ScrapeTime|2020-01-03-00:15:17
|j|☆EpicPants18
|j|☆Thudgore
|player|p1|EpicPants18|1|
|player|p2|Thudgore|teamrocket|
|teamsize|p1|6
|teamsize|p2|6
|gametype|singles
|gen|8
|tier|[Gen 8] OU
|rule|Sleep Clause Mod: Limit one foe put to sleep
|rule|Species Clause: Limit one of each Pokémon
|rule|OHKO Clause: OHKO moves are banned
|rule|Evasion Moves Clause: Evasion moves are banned
|rule|Endless Battle Clause: Forcing endless battles is banned
|rule|HP Percentage Mod: HP is shown in percentages
|clearpoke
|poke|p1|Mamoswine, M|
|poke|p1|Vaporeon, M|
|poke|p1|Copperajah, M|
|poke|p1|Dhelmise|
|poke|p1|Obstagoon, M|
|poke|p1|Mew|
|poke|p2|Roserade, M|
|poke|p2|Runerigus, F|
|poke|p2|Hitmonlee, M|
|poke|p2|Weavile, F|
|poke|p2|Gyarados, F|
|poke|p2|Espeon, F|
|rule|Dynamax Clause: You cannot dynamax
|teampreview
|c|☆EpicPants18|gl hf
|c|☆Thudgore|You too
|
|start
|switch|p1a: Obstagoon|Obstagoon, M|100/100
|switch|p2a: Blueford|Hitmonlee, M|100/100
|turn|1
|
|switch|p1a: Mew|Mew|100/100
|move|p2a: Blueford|Close Combat|p1a: Mew
|-resisted|p1a: Mew
|-damage|p1a: Mew|76/100
|-unboost|p2a: Blueford|def|1
|-unboost|p2a: Blueford|spd|1
|
|upkeep
|turn|2
|
|switch|p1a: Obstagoon|Obstagoon, M|100/100
|switch|p2a: Coco Large|Espeon, F|100/100
|
|-status|p1a: Obstagoon|brn|[from] item: Flame Orb
|upkeep
|turn|3
|
|move|p2a: Coco Large|Dazzling Gleam|p1a: Obstagoon
|-supereffective|p1a: Obstagoon
|-damage|p1a: Obstagoon|36/100 brn
|move|p1a: Obstagoon|Knock Off|p2a: Coco Large
|-supereffective|p2a: Coco Large
|-damage|p2a: Coco Large|0 fnt
|-enditem|p2a: Coco Large|Leftovers|[from] move: Knock Off|[of] p1a: Obstagoon
|faint|p2a: Coco Large
|
|-damage|p1a: Obstagoon|30/100 brn|[from] brn
|upkeep
|
|switch|p2a: Arts and Kraft|Gyarados, F|100/100
|turn|4
|
|move|p2a: Arts and Kraft|Earthquake|p1a: Obstagoon
|-damage|p1a: Obstagoon|0 fnt
|faint|p1a: Obstagoon
|-ability|p2a: Arts and Kraft|Moxie|boost
|-boost|p2a: Arts and Kraft|atk|1
|
|upkeep
|
|switch|p1a: Dhelmise|Dhelmise|100/100
|turn|5
|
|switch|p2a: Highway Gogo|Runerigus, F|100/100
|move|p1a: Dhelmise|Power Whip|p2a: Highway Gogo
|-supereffective|p2a: Highway Gogo
|-damage|p2a: Highway Gogo|4/100
|-activate|p1a: Dhelmise|ability: Wandering Spirit|Wandering Spirit|Steelworker|[of] p2a: Highway Gogo
|
|-heal|p2a: Highway Gogo|10/100|[from] item: Leftovers
|upkeep
|turn|6
|
|switch|p2a: Worst Company|Roserade, M|100/100
|move|p1a: Dhelmise|Shadow Claw|p2a: Worst Company
|-damage|p2a: Worst Company|31/100
|
|-heal|p2a: Worst Company|37/100|[from] item: Black Sludge
|upkeep
|turn|7
|
|switch|p1a: Copperajah|Copperajah, M|100/100
|move|p2a: Worst Company|Spikes|p1a: Copperajah
|-sidestart|p1: EpicPants18|Spikes
|
|-heal|p2a: Worst Company|43/100|[from] item: Black Sludge
|upkeep
|turn|8
|
|switch|p2a: Highway Gogo|Runerigus, F|10/100
|move|p1a: Copperajah|Heavy Slam|p2a: Highway Gogo
|-damage|p2a: Highway Gogo|0 fnt
|-activate|p1a: Copperajah|ability: Wandering Spirit|Wandering Spirit|Heavy Metal|[of] p2a: Highway Gogo
|faint|p2a: Highway Gogo
|
|upkeep
|
|switch|p2a: Blueford|Hitmonlee, M|100/100
|turn|9
|
|move|p2a: Blueford|Throat Chop|p1a: Copperajah
|-damage|p1a: Copperajah|72/100
|-activate|p2a: Blueford|ability: Wandering Spirit|Wandering Spirit|Unburden|[of] p1a: Copperajah
|-start|p1a: Copperajah|Throat Chop|[silent]
|move|p1a: Copperajah|Heavy Slam|p2a: Blueford
|-damage|p2a: Blueford|0 fnt
|-activate|p1a: Copperajah|ability: Wandering Spirit|Wandering Spirit|Unburden|[of] p2a: Blueford
|faint|p2a: Blueford
|
|upkeep
|c|☆Thudgore|I got predicted hard lol
|c|☆EpicPants18|lol ;)
|c|☆EpicPants18|switch to mew was too obvious
|c|☆Thudgore|I was more expecting the Dhelmise switch
|
|switch|p2a: Baby Head|Weavile, F|100/100
|-ability|p2a: Baby Head|Pressure
|turn|10
|c|☆Thudgore|Oh no...
|c|☆Thudgore|I... forgot to put a move on this thing.
|c|☆EpicPants18|shitttt
|
|move|p2a: Baby Head|Low Kick|p1a: Copperajah
|-supereffective|p1a: Copperajah
|-enditem|p1a: Copperajah|Chople Berry|[eat]
|-enditem|p1a: Copperajah|Chople Berry|[weaken]
|-damage|p1a: Copperajah|16/100
|-activate|p2a: Baby Head|ability: Wandering Spirit|Wandering Spirit|Pressure|[of] p1a: Copperajah
|-ability|p1a: Copperajah|Pressure
|move|p1a: Copperajah|Heavy Slam|p2a: Baby Head
|-supereffective|p2a: Baby Head
|-damage|p2a: Baby Head|0 fnt
|-activate|p1a: Copperajah|ability: Wandering Spirit|Wandering Spirit|Pressure|[of] p2a: Baby Head
|-ability|p2a: Baby Head|Pressure
|faint|p2a: Baby Head
|
|-end|p1a: Copperajah|Throat Chop|[silent]
|upkeep
|
|switch|p2a: Arts and Kraft|Gyarados, F|100/100
|turn|11
|
|switch|p1a: Dhelmise|Dhelmise|100/100
|-damage|p1a: Dhelmise|88/100|[from] Spikes
|move|p2a: Arts and Kraft|Earthquake|p1a: Dhelmise
|-resisted|p1a: Dhelmise
|-damage|p1a: Dhelmise|69/100
|
|upkeep
|turn|12
|
|move|p2a: Arts and Kraft|Earthquake|p1a: Dhelmise
|-resisted|p1a: Dhelmise
|-damage|p1a: Dhelmise|49/100
|move|p1a: Dhelmise|Shadow Claw|p2a: Arts and Kraft
|-damage|p2a: Arts and Kraft|47/100
|
|upkeep
|turn|13
|
|move|p2a: Arts and Kraft|Earthquake|p1a: Dhelmise
|-resisted|p1a: Dhelmise
|-damage|p1a: Dhelmise|31/100
|move|p1a: Dhelmise|Shadow Claw|p2a: Arts and Kraft
|-damage|p2a: Arts and Kraft|0 fnt
|faint|p2a: Arts and Kraft
|
|upkeep
|
|switch|p2a: Worst Company|Roserade, M|43/100
|turn|14
|
|move|p2a: Worst Company|Sludge Bomb|p1a: Dhelmise
|-damage|p1a: Dhelmise|0 fnt
|faint|p1a: Dhelmise
|
|-heal|p2a: Worst Company|49/100|[from] item: Black Sludge
|upkeep
|
|switch|p1a: Mamoswine|Mamoswine, M|100/100
|-damage|p1a: Mamoswine|88/100|[from] Spikes
|turn|15
|
|move|p1a: Mamoswine|Ice Shard|p2a: Worst Company
|-supereffective|p2a: Worst Company
|-damage|p2a: Worst Company|0 fnt
|faint|p2a: Worst Company
|
|win|EpicPants18
|c|☆EpicPants18|gg
|c|☆Thudgore|gg
|c|☆EpicPants18|what move did you forget?
|c|☆Thudgore|So... I played this team last week
|c|☆EpicPants18|yup
|c|☆Thudgore|And I was supposed to bring the same mons with different movesets
|c|☆EpicPants18|i took bowser's shell of the team he prepped lol
|c|☆Thudgore|1 mon had a different move set
|c|☆Thudgore|The rest didn't
|c|☆EpicPants18|oh
|c|☆Thudgore|Despite me giving them it
|c|☆EpicPants18|for what it's worth, i didnt know the entire movesets. scarf gyara surprised me
|c|☆Thudgore|Actually Weavile had half a different moveset and stat spread
|c|☆Thudgore|Yeah, that was the 1 mon I had a new moveset on
|c|☆EpicPants18|i knew for example tho that lee had to have throat chop for me
|c|☆EpicPants18|and weav needed low kick
|c|☆EpicPants18|copper lived banded adamant low kick with chople
|c|☆EpicPants18|i had trick room on mew - bows had it on aromatisse. and i added copp as a trick room sweeper
