|ScrapeTime|2020-01-01-14:34:34
|j|☆battlebot_v0.3.1
|j|☆Konohalotus13
|player|p1|battlebot_v0.3.1|giovanni|1152
|player|p2|Konohalotus13|23|1171
|teamsize|p1|6
|teamsize|p2|6
|gametype|singles
|gen|8
|tier|[Gen 8] OU
|rated|
|rule|Sleep Clause Mod: Limit one foe put to sleep
|rule|Species Clause: Limit one of each Pokémon
|rule|OHKO Clause: OHKO moves are banned
|rule|Evasion Moves Clause: Evasion moves are banned
|rule|Endless Battle Clause: Forcing endless battles is banned
|rule|HP Percentage Mod: HP is shown in percentages
|clearpoke
|poke|p1|Centiskorch, F|
|poke|p1|Dragapult, F|
|poke|p1|Ferrothorn, M|
|poke|p1|Hippowdon, M|
|poke|p1|Machamp, F|
|poke|p1|Rotom-Wash|
|poke|p2|Toxtricity, M|
|poke|p2|Ditto|
|poke|p2|Conkeldurr, M|
|poke|p2|Corsola-Galar, F|
|poke|p2|Grimmsnarl, M|
|poke|p2|Seismitoad, F|
|rule|Dynamax Clause: You cannot dynamax
|teampreview
|inactive|Battle timer is ON: inactive players will automatically lose when time's up. (requested by Konohalotus13)
|
|start
|switch|p1a: Dragapult|Dragapult, F|100/100
|switch|p2a: Seismitoad|Seismitoad, F|100/100
|turn|1
|
|move|p1a: Dragapult|U-turn|p2a: Seismitoad
|-damage|p2a: Seismitoad|85/100
|
|switch|p1a: Ferrothorn|Ferrothorn, M|100/100|[from]move: U-turn
|move|p2a: Seismitoad|Stealth Rock|p1a: Ferrothorn
|-sidestart|p1: battlebot_v0.3.1|move: Stealth Rock
|
|-heal|p2a: Seismitoad|91/100|[from] item: Leftovers
|upkeep
|turn|2
|
|switch|p2a: Conkeldurr|Conkeldurr, M|100/100
|move|p1a: Ferrothorn|Spikes|p2a: Conkeldurr
|-sidestart|p2: Konohalotus13|Spikes
|
|-status|p2a: Conkeldurr|brn|[from] item: Flame Orb
|upkeep
|turn|3
|
|switch|p2a: Grimmsnarl|Grimmsnarl, M|100/100
|-damage|p2a: Grimmsnarl|88/100|[from] Spikes
|switch|p1a: Hippowdon|Hippowdon, M|100/100
|-damage|p1a: Hippowdon|94/100|[from] Stealth Rock
|-weather|Sandstorm|[from] ability: Sand Stream|[of] p1a: Hippowdon
|
|-weather|Sandstorm|[upkeep]
|-damage|p2a: Grimmsnarl|82/100|[from] Sandstorm
|-heal|p1a: Hippowdon|100/100|[from] item: Leftovers
|upkeep
|turn|4
|
|switch|p2a: Corsola|Corsola-Galar, F|100/100
|-damage|p2a: Corsola|88/100|[from] Spikes
|move|p1a: Hippowdon|Stealth Rock|p2a: Corsola
|-sidestart|p2: Konohalotus13|move: Stealth Rock
|
|-weather|Sandstorm|[upkeep]
|-damage|p2a: Corsola|82/100|[from] Sandstorm
|upkeep
|turn|5
|
|switch|p1a: Machamp|Machamp, F|100/100
|-damage|p1a: Machamp|94/100|[from] Stealth Rock
|move|p2a: Corsola|Will-O-Wisp|p1a: Machamp
|-status|p1a: Machamp|brn
|
|-weather|Sandstorm|[upkeep]
|-damage|p1a: Machamp|88/100 brn|[from] Sandstorm
|-damage|p2a: Corsola|76/100|[from] Sandstorm
|-damage|p1a: Machamp|82/100 brn|[from] brn
|upkeep
|turn|6
|
|move|p1a: Machamp|Knock Off|p2a: Corsola
|-supereffective|p2a: Corsola
|-damage|p2a: Corsola|0 fnt
|-enditem|p2a: Corsola|Eviolite|[from] move: Knock Off|[of] p1a: Machamp
|faint|p2a: Corsola
|
|-weather|Sandstorm|[upkeep]
|-damage|p1a: Machamp|76/100 brn|[from] Sandstorm
|-damage|p1a: Machamp|70/100 brn|[from] brn
|upkeep
|-message|Konohalotus13 forfeited.
|
|win|battlebot_v0.3.1
|l|☆Konohalotus13
|raw|battlebot_v0.3.1's rating: 1153 → 1179(+26 for winning)
|raw|Konohalotus13's rating: 1171 → 1145(-26 for losing)
