|ScrapeTime|2020-01-03-01:20:56
|j|‽jkbnhjhkh
|j|☆Industrus
|player|p1|jkbnhjhkh|1|1099
|player|p2|Industrus|cynthia-gen4|1087
|teamsize|p1|6
|teamsize|p2|6
|gametype|singles
|gen|8
|tier|[Gen 8] OU
|rated|
|rule|Sleep Clause Mod: Limit one foe put to sleep
|rule|Species Clause: Limit one of each Pokémon
|rule|OHKO Clause: OHKO moves are banned
|rule|Evasion Moves Clause: Evasion moves are banned
|rule|Endless Battle Clause: Forcing endless battles is banned
|rule|HP Percentage Mod: HP is shown in percentages
|clearpoke
|poke|p1|Indeedee, M|
|poke|p1|Cinderace, F|
|poke|p1|Hawlucha, F|
|poke|p1|Ferrothorn, M|
|poke|p1|Dracozolt|
|poke|p1|Mandibuzz, F|
|poke|p2|Corviknight, M|
|poke|p2|Clefable, F|
|poke|p2|Duraludon, F|
|poke|p2|Gallade, M|
|poke|p2|Reuniclus, M|
|poke|p2|Hatterene, F|
|rule|Dynamax Clause: You cannot dynamax
|teampreview
|
|start
|switch|p1a: Cinderace|Cinderace, F|100/100
|switch|p2a: Clefable|Clefable, F|100/100
|turn|1
|
|move|p1a: Cinderace|Pyro Ball|p2a: Clefable
|-damage|p2a: Clefable|0 fnt
|faint|p2a: Clefable
|
|upkeep
|
|switch|p2a: Hatterene|Hatterene, F|100/100
|turn|2
|inactive|Battle timer is ON: inactive players will automatically lose when time's up. (requested by jkbnhjhkh)
|
|move|p1a: Cinderace|Pyro Ball|p2a: Hatterene
|-damage|p2a: Hatterene|29/100
|move|p2a: Hatterene|Calm Mind|p2a: Hatterene
|-boost|p2a: Hatterene|spa|1
|-boost|p2a: Hatterene|spd|1
|
|-heal|p2a: Hatterene|35/100|[from] item: Leftovers
|upkeep
|turn|3
|
|move|p1a: Cinderace|Pyro Ball|p2a: Hatterene
|-damage|p2a: Hatterene|0 fnt
|faint|p2a: Hatterene
|
|upkeep
|
|switch|p2a: Gallade|Gallade, M|100/100
|turn|4
|
|move|p1a: Cinderace|Pyro Ball|p2a: Gallade
|-damage|p2a: Gallade|0 fnt
|faint|p2a: Gallade
|
|upkeep
|
|switch|p2a: Reuniclus|Reuniclus, M|100/100
|turn|5
|
|move|p1a: Cinderace|Pyro Ball|p2a: Reuniclus
|-damage|p2a: Reuniclus|36/100
|-status|p2a: Reuniclus|brn
|move|p2a: Reuniclus|Acid Armor|p2a: Reuniclus
|-boost|p2a: Reuniclus|def|2
|
|upkeep
|turn|6
|
|move|p1a: Cinderace|Pyro Ball|p2a: Reuniclus
|-damage|p2a: Reuniclus|0 fnt
|faint|p2a: Reuniclus
|
|upkeep
|
|switch|p2a: Corviknight|Corviknight, M|100/100
|turn|7
|
|move|p1a: Cinderace|Pyro Ball|p2a: Corviknight
|-supereffective|p2a: Corviknight
|-damage|p2a: Corviknight|0 fnt
|faint|p2a: Corviknight
|
|upkeep
|
|switch|p2a: Duraludon|Duraludon, F|100/100
|turn|8
|
|move|p2a: Duraludon|Dragon Pulse|p1a: Cinderace
|-damage|p1a: Cinderace|48/100
|move|p1a: Cinderace|Pyro Ball|p2a: Duraludon
|-damage|p2a: Duraludon|26/100
|-status|p2a: Duraludon|brn
|
|-damage|p2a: Duraludon|20/100 brn|[from] brn
|upkeep
|turn|9
|
|switch|p1a: Ferrothorn|Ferrothorn, M|100/100
|move|p2a: Duraludon|Dragon Pulse|p1a: Ferrothorn
|-resisted|p1a: Ferrothorn
|-damage|p1a: Ferrothorn|86/100
|
|-heal|p1a: Ferrothorn|92/100|[from] item: Leftovers
|-damage|p2a: Duraludon|14/100 brn|[from] brn
|upkeep
|turn|10
|-message|Industrus forfeited.
|
|win|jkbnhjhkh
|l|☆Industrus
|raw|jkbnhjhkh's rating: 1129 → 1150(+21 for winning)
|raw|Industrus's rating: 1066 → 1050(-16 for losing)
