|ScrapeTime|2020-01-01-23:04:50
|j|☆four for one combo
|j|☆diaperbabe29
|player|p1|four for one combo|265|1916
|player|p2|diaperbabe29|8|1762
|teamsize|p1|6
|teamsize|p2|6
|gametype|singles
|gen|8
|tier|[Gen 8] OU
|rated|
|rule|Sleep Clause Mod: Limit one foe put to sleep
|rule|Species Clause: Limit one of each Pokémon
|rule|OHKO Clause: OHKO moves are banned
|rule|Evasion Moves Clause: Evasion moves are banned
|rule|Endless Battle Clause: Forcing endless battles is banned
|rule|HP Percentage Mod: HP is shown in percentages
|clearpoke
|poke|p1|Mew|
|poke|p1|Hydreigon, F|
|poke|p1|Dragapult, M|
|poke|p1|Seismitoad, M|
|poke|p1|Clefable, M|
|poke|p1|Corviknight, M|
|poke|p2|Clefable, F|
|poke|p2|Corviknight, M|
|poke|p2|Kommo-o, F|
|poke|p2|Rotom-Mow|
|poke|p2|Vaporeon, M|
|poke|p2|Ditto|
|rule|Dynamax Clause: You cannot dynamax
|teampreview
|inactive|Battle timer is ON: inactive players will automatically lose when time's up. (requested by diaperbabe29)
|inactive|four for one combo has 120 seconds left.
|j| Oculars
|j| MetaCB
|inactive|four for one combo has 90 seconds left.
|l| MetaCB
|
|start
|switch|p1a: Seismitoad|Seismitoad, M|100/100
|switch|p2a: Corviknight|Corviknight, M|100/100
|-ability|p2a: Corviknight|Pressure
|turn|1
|
|switch|p2a: Clefable|Clefable, F|100/100
|move|p1a: Seismitoad|Stealth Rock|p2a: Clefable
|-sidestart|p2: diaperbabe29|move: Stealth Rock
|
|upkeep
|turn|2
|
|switch|p1a: Mew|Mew|100/100
|move|p2a: Clefable|Calm Mind|p2a: Clefable
|-boost|p2a: Clefable|spa|1
|-boost|p2a: Clefable|spd|1
|
|upkeep
|turn|3
|
|move|p1a: Mew|Nasty Plot|p1a: Mew
|-boost|p1a: Mew|spa|2
|move|p2a: Clefable|Moonblast|p1a: Mew
|-damage|p1a: Mew|18/100
|
|upkeep
|turn|4
|j|‽MegaStarUniverse
|
|switch|p2a: Vaporeon|Vaporeon, M|100/100
|-damage|p2a: Vaporeon|88/100|[from] Stealth Rock
|move|p1a: Mew|Psyshock|p2a: Vaporeon
|-damage|p2a: Vaporeon|35/100
|
|-heal|p2a: Vaporeon|41/100|[from] item: Leftovers
|upkeep
|turn|5
|
|move|p1a: Mew|Psyshock|p2a: Vaporeon
|-damage|p2a: Vaporeon|0 fnt
|faint|p2a: Vaporeon
|
|upkeep
|
|switch|p2a: Ditto|Ditto|100/100
|-damage|p2a: Ditto|88/100|[from] Stealth Rock
|-transform|p2a: Ditto|p1a: Mew|[from] ability: Imposter
|turn|6
|
|switch|p1a: Hydreigon|Hydreigon, F|100/100
|move|p2a: Ditto|Ice Beam|p1a: Hydreigon
|-supereffective|p1a: Hydreigon
|-damage|p1a: Hydreigon|0 fnt
|faint|p1a: Hydreigon
|
|upkeep
|
|switch|p1a: Clefable|Clefable, M|100/100
|turn|7
|
|move|p2a: Ditto|Ice Beam|p1a: Clefable
|-damage|p1a: Clefable|58/100
|-status|p1a: Clefable|frz
|-curestatus|p1a: Clefable|frz|[msg]
|move|p1a: Clefable|Wish|p1a: Clefable
|
|-heal|p1a: Clefable|64/100|[from] item: Leftovers
|upkeep
|turn|8
|
|switch|p2a: Corviknight|Corviknight, M|100/100
|-damage|p2a: Corviknight|88/100|[from] Stealth Rock
|-ability|p2a: Corviknight|Pressure
|move|p1a: Clefable|Thunder Wave|p2a: Corviknight
|-status|p2a: Corviknight|par
|
|-heal|p1a: Clefable|100/100|[from] move: Wish|[wisher] Clefable
|-heal|p2a: Corviknight|94/100 par|[from] item: Leftovers
|upkeep
|turn|9
|
|move|p1a: Clefable|Wish|p1a: Clefable
|cant|p2a: Corviknight|par
|
|-heal|p2a: Corviknight|100/100 par|[from] item: Leftovers
|upkeep
|turn|10
|
|move|p1a: Clefable|Moonblast|p2a: Corviknight
|-resisted|p2a: Corviknight
|-damage|p2a: Corviknight|88/100 par
|move|p2a: Corviknight|U-turn|p1a: Clefable
|-resisted|p1a: Clefable
|-damage|p1a: Clefable|94/100
|
|switch|p2a: Clefable|Clefable, F|100/100|[from]move: U-turn
|
|-heal|p1a: Clefable|100/100|[from] move: Wish|[wisher] Clefable
|upkeep
|turn|11
|
|switch|p2a: Rotom|Rotom-Mow|100/100
|-damage|p2a: Rotom|88/100|[from] Stealth Rock
|move|p1a: Clefable|Thunder Wave|p2a: Rotom
|-immune|p2a: Rotom
|
|-heal|p2a: Rotom|94/100|[from] item: Leftovers
|upkeep
|turn|12
|
|switch|p1a: Dragapult|Dragapult, M|100/100
|move|p2a: Rotom|Nasty Plot|p2a: Rotom
|-boost|p2a: Rotom|spa|2
|
|-heal|p2a: Rotom|100/100|[from] item: Leftovers
|upkeep
|turn|13
|j| SacredCV
|j| WymanRemembers
|
|switch|p2a: Kommo-o|Kommo-o, F|100/100
|-damage|p2a: Kommo-o|94/100|[from] Stealth Rock
|move|p1a: Dragapult|Dragon Dance|p1a: Dragapult
|-boost|p1a: Dragapult|atk|1
|-boost|p1a: Dragapult|spe|1
|
|-heal|p2a: Kommo-o|100/100|[from] item: Leftovers
|upkeep
|turn|14
|c|☆four for one combo|does this block darts?
|c|☆four for one combo|w bproof?
|j| Skekekwjdjekeke
|inactive|four for one combo has 120 seconds left.
|c| SacredCV|n
|l| Oculars
|
|switch|p2a: Clefable|Clefable, F|100/100
|move|p1a: Dragapult|Substitute|p1a: Dragapult
|-start|p1a: Dragapult|Substitute
|-damage|p1a: Dragapult|76/100
|
|-heal|p1a: Dragapult|82/100|[from] item: Leftovers
|upkeep
|turn|15
|
|switch|p2a: Kommo-o|Kommo-o, F|100/100
|-damage|p2a: Kommo-o|94/100|[from] Stealth Rock
|move|p1a: Dragapult|Phantom Force||[still]
|-prepare|p1a: Dragapult|Phantom Force|p2a: Kommo-o
|
|-heal|p1a: Dragapult|88/100|[from] item: Leftovers
|-heal|p2a: Kommo-o|100/100|[from] item: Leftovers
|upkeep
|turn|16
|
|move|p1a: Dragapult|Phantom Force|p2a: Kommo-o|[from]lockedmove
|-damage|p2a: Kommo-o|45/100
|move|p2a: Kommo-o|Clanging Scales|p1a: Dragapult
|-supereffective|p1a: Dragapult
|-damage|p1a: Dragapult|0 fnt
|-unboost|p2a: Kommo-o|def|1
|faint|p1a: Dragapult
|
|-heal|p2a: Kommo-o|52/100|[from] item: Leftovers
|upkeep
|j| sceptuan
|inactive|four for one combo has 120 seconds left.
|
|switch|p1a: Mew|Mew|18/100
|turn|17
|
|move|p1a: Mew|Ice Beam|p2a: Kommo-o
|-supereffective|p2a: Kommo-o
|-damage|p2a: Kommo-o|11/100
|move|p2a: Kommo-o|Clanging Scales|p1a: Mew
|-damage|p1a: Mew|0 fnt
|-unboost|p2a: Kommo-o|def|1
|faint|p1a: Mew
|
|-heal|p2a: Kommo-o|17/100|[from] item: Leftovers
|upkeep
|inactive|four for one combo has 120 seconds left.
|
|switch|p1a: Clefable|Clefable, M|100/100
|turn|18
|
|switch|p2a: Corviknight|Corviknight, M|88/100 par
|-damage|p2a: Corviknight|75/100 par|[from] Stealth Rock
|-ability|p2a: Corviknight|Pressure
|move|p1a: Clefable|Moonblast|p2a: Corviknight
|-resisted|p2a: Corviknight
|-damage|p2a: Corviknight|62/100 par
|
|-heal|p2a: Corviknight|68/100 par|[from] item: Leftovers
|upkeep
|turn|19
|
|switch|p1a: Seismitoad|Seismitoad, M|100/100
|move|p2a: Corviknight|Defog|p1a: Seismitoad
|-unboost|p1a: Seismitoad|evasion|1
|-sideend|p2: diaperbabe29|Stealth Rock|[from] move: Defog|[of] p2a: Corviknight
|
|-heal|p2a: Corviknight|75/100 par|[from] item: Leftovers
|upkeep
|turn|20
|j| Inner Turmoil
|
|move|p1a: Seismitoad|Stealth Rock|p2a: Corviknight
|-sidestart|p2: diaperbabe29|move: Stealth Rock
|move|p2a: Corviknight|U-turn|p1a: Seismitoad
|-damage|p1a: Seismitoad|90/100
|
|switch|p2a: Clefable|Clefable, F|100/100|[from]move: U-turn
|
|-heal|p1a: Seismitoad|96/100|[from] item: Leftovers
|upkeep
|turn|21
|l| Inner Turmoil
|
|switch|p1a: Clefable|Clefable, M|100/100
|move|p2a: Clefable|Calm Mind|p2a: Clefable
|-boost|p2a: Clefable|spa|1
|-boost|p2a: Clefable|spd|1
|
|upkeep
|turn|22
|j| Strealet
|
|move|p2a: Clefable|Moonblast|p1a: Clefable
|-damage|p1a: Clefable|29/100
|move|p1a: Clefable|Thunder Wave|p2a: Clefable
|-status|p2a: Clefable|par
|
|-heal|p1a: Clefable|35/100|[from] item: Leftovers
|upkeep
|turn|23
|
|switch|p1a: Corviknight|Corviknight, M|100/100
|-ability|p1a: Corviknight|Pressure
|move|p2a: Clefable|Moonblast|p1a: Corviknight
|-resisted|p1a: Corviknight
|-damage|p1a: Corviknight|72/100
|
|-heal|p1a: Corviknight|78/100|[from] item: Leftovers
|upkeep
|turn|24
|
|move|p1a: Corviknight|Iron Head|p2a: Clefable
|-supereffective|p2a: Clefable
|-damage|p2a: Clefable|38/100 par
|move|p2a: Clefable|Thunderbolt|p1a: Corviknight
|-supereffective|p1a: Corviknight
|-damage|p1a: Corviknight|5/100
|
|-heal|p1a: Corviknight|12/100|[from] item: Leftovers
|upkeep
|turn|25
|j| Mixelmaster0818
|
|switch|p2a: Rotom|Rotom-Mow|100/100
|-damage|p2a: Rotom|88/100|[from] Stealth Rock
|move|p1a: Corviknight|Roost|p1a: Corviknight
|-heal|p1a: Corviknight|62/100
|-singleturn|p1a: Corviknight|move: Roost
|
|-heal|p2a: Rotom|94/100|[from] item: Leftovers
|-heal|p1a: Corviknight|68/100|[from] item: Leftovers
|upkeep
|turn|26
|j| quit the cap
|
|move|p2a: Rotom|Nasty Plot|p2a: Rotom
|-boost|p2a: Rotom|spa|2
|move|p1a: Corviknight|U-turn|p2a: Rotom
|-supereffective|p2a: Rotom
|-damage|p2a: Rotom|61/100
|j| Viking bol
|l| quit the cap
|c|☆four for one combo|gg
|-message|four for one combo forfeited.
|
|win|diaperbabe29
|l|☆four for one combo
|raw|four for one combo's rating: 1926 → 1895(-31 for losing)
|raw|diaperbabe29's rating: 1728 → 1759(+31 for winning)
