|ScrapeTime|2020-01-01-20:16:57
|j|☆Shazamt
|j|☆AriJimo
|inactive|Battle timer is ON: inactive players will automatically lose when time's up.
|player|p1|Shazamt|n|
|player|p2|AriJimo|265|
|teamsize|p1|6
|teamsize|p2|6
|gametype|singles
|gen|8
|tier|[Gen 8] OU
|rated|Tournament battle
|rule|Sleep Clause Mod: Limit one foe put to sleep
|rule|Species Clause: Limit one of each Pokémon
|rule|OHKO Clause: OHKO moves are banned
|rule|Evasion Moves Clause: Evasion moves are banned
|rule|Endless Battle Clause: Forcing endless battles is banned
|rule|HP Percentage Mod: HP is shown in percentages
|clearpoke
|poke|p1|Froslass, F|
|poke|p1|Haxorus, F|
|poke|p1|Corviknight, M|
|poke|p1|Grimmsnarl, M|
|poke|p1|Mamoswine, M|
|poke|p1|Hydreigon, F|
|poke|p2|Toxtricity, F|
|poke|p2|Togekiss, F|
|poke|p2|Dugtrio, F|
|poke|p2|Ferrothorn, M|
|poke|p2|Rotom-Wash|
|poke|p2|Clefable, F|
|rule|Dynamax Clause: You cannot dynamax
|teampreview
|c|☆Shazamt|Gl hf
|inactive|AriJimo has 120 seconds left.
|c|☆AriJimo|gl hf
|
|start
|switch|p1a: Lady Macbeth|Froslass, F, shiny|100/100
|switch|p2a: Rotom|Rotom-Wash|100/100
|turn|1
|
|move|p1a: Lady Macbeth|Spikes|p2a: Rotom
|-sidestart|p2: AriJimo|Spikes
|move|p2a: Rotom|Volt Switch|p1a: Lady Macbeth
|-damage|p1a: Lady Macbeth|57/100
|-start|p2a: Rotom|Disable|Volt Switch|[from] ability: Cursed Body|[of] p1a: Lady Macbeth
|
|switch|p2a: Toxtricity|Toxtricity, F|100/100|[from]move: Volt Switch
|-damage|p2a: Toxtricity|88/100|[from] Spikes
|
|upkeep
|turn|2
|
|move|p1a: Lady Macbeth|Destiny Bond|p1a: Lady Macbeth
|-singlemove|p1a: Lady Macbeth|Destiny Bond
|move|p2a: Toxtricity|Shift Gear|p2a: Toxtricity
|-boost|p2a: Toxtricity|spe|2
|-boost|p2a: Toxtricity|atk|1
|
|upkeep
|turn|3
|
|move|p2a: Toxtricity|Shift Gear|p2a: Toxtricity
|-boost|p2a: Toxtricity|spe|2
|-boost|p2a: Toxtricity|atk|1
|move|p1a: Lady Macbeth|Spikes|p2a: Toxtricity
|-sidestart|p2: AriJimo|Spikes
|
|upkeep
|turn|4
|
|move|p2a: Toxtricity|Poison Jab|p1a: Lady Macbeth
|-resisted|p1a: Lady Macbeth
|-damage|p1a: Lady Macbeth|8/100
|move|p1a: Lady Macbeth|Destiny Bond|p1a: Lady Macbeth
|-singlemove|p1a: Lady Macbeth|Destiny Bond
|
|upkeep
|turn|5
|
|move|p2a: Toxtricity|Shift Gear|p2a: Toxtricity
|-boost|p2a: Toxtricity|spe|2
|-boost|p2a: Toxtricity|atk|1
|move|p1a: Lady Macbeth|Taunt|p2a: Toxtricity
|-start|p2a: Toxtricity|move: Taunt
|
|upkeep
|turn|6
|
|move|p2a: Toxtricity|Poison Jab|p1a: Lady Macbeth
|-resisted|p1a: Lady Macbeth
|-damage|p1a: Lady Macbeth|0 fnt
|faint|p1a: Lady Macbeth
|
|upkeep
|
|switch|p1a: Tuskany|Mamoswine, M|100/100
|turn|7
|
|move|p1a: Tuskany|Ice Shard|p2a: Toxtricity
|-damage|p2a: Toxtricity|35/100
|move|p2a: Toxtricity|Drain Punch|p1a: Tuskany
|-supereffective|p1a: Tuskany
|-damage|p1a: Tuskany|0 fnt
|-heal|p2a: Toxtricity|100/100|[from] drain|[of] p1a: Tuskany
|faint|p1a: Tuskany
|
|upkeep
|
|switch|p1a: Lo Key|Grimmsnarl, M|100/100
|turn|8
|
|move|p1a: Lo Key|Trick|p2a: Toxtricity
|-activate|p1a: Lo Key|move: Trick|[of] p2a: Toxtricity
|-item|p2a: Toxtricity|Lagging Tail|[from] move: Trick
|-enditem|p1a: Lo Key|Lagging Tail|[silent]|[from] move: Trick
|move|p2a: Toxtricity|Poison Jab|p1a: Lo Key
|-supereffective|p1a: Lo Key
|-damage|p1a: Lo Key|0 fnt
|faint|p1a: Lo Key
|
|-end|p2a: Toxtricity|move: Taunt
|upkeep
|c|☆Shazamt|I’m an idiot
|
|switch|p1a: Macbeth|Haxorus, F, shiny|100/100
|-ability|p1a: Macbeth|Mold Breaker
|turn|9
|inactive|AriJimo has 120 seconds left.
|inactive|AriJimo has 90 seconds left.
|
|move|p1a: Macbeth|Earthquake|p2a: Toxtricity
|-supereffective|p2a: Toxtricity
|-damage|p2a: Toxtricity|0 fnt
|faint|p2a: Toxtricity
|
|upkeep
|inactive|AriJimo has 90 seconds left.
|
|switch|p2a: Togekiss|Togekiss, F|100/100
|turn|10
|inactive|AriJimo has 90 seconds left.
|
|move|p1a: Macbeth|Poison Jab|p2a: Togekiss
|-supereffective|p2a: Togekiss
|-damage|p2a: Togekiss|34/100
|move|p2a: Togekiss|Nasty Plot|p2a: Togekiss
|-boost|p2a: Togekiss|spa|2
|
|upkeep
|turn|11
|
|move|p1a: Macbeth|Poison Jab|p2a: Togekiss
|-supereffective|p2a: Togekiss
|-damage|p2a: Togekiss|0 fnt
|faint|p2a: Togekiss
|
|upkeep
|inactive|AriJimo has 90 seconds left.
|
|switch|p2a: Dugtrio|Dugtrio, F|100/100
|-damage|p2a: Dugtrio|84/100|[from] Spikes
|turn|12
|
|move|p2a: Dugtrio|Earthquake|p1a: Macbeth
|-damage|p1a: Macbeth|19/100
|move|p1a: Macbeth|Earthquake|p2a: Dugtrio
|-damage|p2a: Dugtrio|0 fnt
|faint|p2a: Dugtrio
|
|upkeep
|
|switch|p2a: Ferrothorn|Ferrothorn, M|100/100
|-damage|p2a: Ferrothorn|84/100|[from] Spikes
|turn|13
|
|move|p1a: Macbeth|Earthquake|p2a: Ferrothorn
|-damage|p2a: Ferrothorn|60/100
|move|p2a: Ferrothorn|Leech Seed|p1a: Macbeth
|-start|p1a: Macbeth|move: Leech Seed
|
|-heal|p2a: Ferrothorn|67/100|[from] item: Leftovers
|-damage|p1a: Macbeth|6/100|[from] Leech Seed|[of] p2a: Ferrothorn
|-heal|p2a: Ferrothorn|77/100|[silent]
|upkeep
|turn|14
|j| Use Them All
|c|☆AriJimo|i think i am
|
|switch|p1a: Odin|Corviknight, M|100/100
|-ability|p1a: Odin|Pressure
|move|p2a: Ferrothorn|Protect||[still]
|-fail|p2a: Ferrothorn
|
|-heal|p2a: Ferrothorn|83/100|[from] item: Leftovers
|upkeep
|turn|15
|
|switch|p1a: Macbeth|Haxorus, F, shiny|6/100
|-ability|p1a: Macbeth|Mold Breaker
|switch|p2a: Rotom|Rotom-Wash|100/100
|
|upkeep
|turn|16
|
|switch|p2a: Ferrothorn|Ferrothorn, M|83/100
|-damage|p2a: Ferrothorn|67/100|[from] Spikes
|move|p1a: Macbeth|Earthquake|p2a: Ferrothorn
|-damage|p2a: Ferrothorn|46/100
|
|-heal|p2a: Ferrothorn|52/100|[from] item: Leftovers
|upkeep
|turn|17
|
|move|p1a: Macbeth|Earthquake|p2a: Ferrothorn
|-damage|p2a: Ferrothorn|30/100
|move|p2a: Ferrothorn|Leech Seed|p1a: Macbeth
|-start|p1a: Macbeth|move: Leech Seed
|
|-heal|p2a: Ferrothorn|36/100|[from] item: Leftovers
|-damage|p1a: Macbeth|0 fnt|[from] Leech Seed|[of] p2a: Ferrothorn
|-heal|p2a: Ferrothorn|41/100|[silent]
|faint|p1a: Macbeth
|upkeep
|
|switch|p1a: Harvy|Hydreigon, F|100/100
|turn|18
|
|move|p2a: Ferrothorn|Protect|p2a: Ferrothorn
|-singleturn|p2a: Ferrothorn|Protect
|move|p1a: Harvy|U-turn|p2a: Ferrothorn
|-activate|p2a: Ferrothorn|move: Protect
|
|-heal|p2a: Ferrothorn|47/100|[from] item: Leftovers
|upkeep
|turn|19
|
|switch|p1a: Odin|Corviknight, M|100/100
|-ability|p1a: Odin|Pressure
|move|p2a: Ferrothorn|Leech Seed|p1a: Odin
|-start|p1a: Odin|move: Leech Seed
|
|-heal|p2a: Ferrothorn|54/100|[from] item: Leftovers
|-damage|p1a: Odin|88/100|[from] Leech Seed|[of] p2a: Ferrothorn
|-heal|p2a: Ferrothorn|68/100|[silent]
|upkeep
|turn|20
|
|switch|p1a: Harvy|Hydreigon, F|100/100
|move|p2a: Ferrothorn|Knock Off|p1a: Harvy
|-resisted|p1a: Harvy
|-damage|p1a: Harvy|88/100
|-enditem|p1a: Harvy|Choice Scarf|[from] move: Knock Off|[of] p2a: Ferrothorn
|
|-heal|p2a: Ferrothorn|74/100|[from] item: Leftovers
|upkeep
|turn|21
|
|move|p2a: Ferrothorn|Protect|p2a: Ferrothorn
|-singleturn|p2a: Ferrothorn|Protect
|move|p1a: Harvy|Flamethrower|p2a: Ferrothorn
|-activate|p2a: Ferrothorn|move: Protect
|
|-heal|p2a: Ferrothorn|80/100|[from] item: Leftovers
|upkeep
|turn|22
|
|switch|p2a: Clefable|Clefable, F|100/100
|move|p1a: Harvy|Flamethrower|p2a: Clefable
|-damage|p2a: Clefable|79/100
|-status|p2a: Clefable|brn
|
|-heal|p2a: Clefable|85/100 brn|[from] item: Leftovers
|upkeep
|turn|23
|
|move|p1a: Harvy|U-turn|p2a: Clefable
|-resisted|p2a: Clefable
|-damage|p2a: Clefable|76/100 brn
|
|switch|p1a: Odin|Corviknight, M|88/100|[from]move: U-turn
|-ability|p1a: Odin|Pressure
|move|p2a: Clefable|Wish|p2a: Clefable
|
|-heal|p1a: Odin|94/100|[from] item: Leftovers
|-heal|p2a: Clefable|82/100 brn|[from] item: Leftovers
|upkeep
|turn|24
|
|switch|p2a: Rotom|Rotom-Wash|100/100
|move|p1a: Odin|Taunt|p2a: Rotom
|-start|p2a: Rotom|move: Taunt
|
|-heal|p1a: Odin|100/100|[from] item: Leftovers
|upkeep
|turn|25
|
|switch|p1a: Harvy|Hydreigon, F|88/100
|move|p2a: Rotom|Thunderbolt|p1a: Harvy
|-resisted|p1a: Harvy
|-damage|p1a: Harvy|64/100
|
|upkeep
|turn|26
|j| lukee2008
|
|switch|p2a: Ferrothorn|Ferrothorn, M|80/100
|-damage|p2a: Ferrothorn|64/100|[from] Spikes
|move|p1a: Harvy|Flamethrower|p2a: Ferrothorn
|-supereffective|p2a: Ferrothorn
|-damage|p2a: Ferrothorn|0 fnt
|faint|p2a: Ferrothorn
|
|upkeep
|
|switch|p2a: Clefable|Clefable, F|82/100 brn
|turn|27
|
|move|p1a: Harvy|U-turn|p2a: Clefable
|-resisted|p2a: Clefable
|-damage|p2a: Clefable|73/100 brn
|
|switch|p1a: Odin|Corviknight, M|100/100|[from]move: U-turn
|-ability|p1a: Odin|Pressure
|move|p2a: Clefable|Stealth Rock|p1a: Odin
|-sidestart|p1: Shazamt|move: Stealth Rock
|
|-heal|p2a: Clefable|79/100 brn|[from] item: Leftovers
|upkeep
|turn|28
|
|move|p1a: Odin|Defog|p2a: Clefable
|-unboost|p2a: Clefable|evasion|1
|-sideend|p2: AriJimo|Spikes|[from] move: Defog|[of] p1a: Odin
|-sideend|p1: Shazamt|Stealth Rock|[from] move: Defog|[of] p1a: Odin
|move|p2a: Clefable|Wish|p2a: Clefable
|
|-heal|p2a: Clefable|86/100 brn|[from] item: Leftovers
|upkeep
|turn|29
|
|move|p1a: Odin|Taunt|p2a: Clefable
|-start|p2a: Clefable|move: Taunt
|cant|p2a: Clefable|move: Taunt|Stealth Rock
|
|-heal|p2a: Clefable|100/100 brn|[from] move: Wish|[wisher] Clefable
|upkeep
|turn|30
|
|switch|p2a: Rotom|Rotom-Wash|100/100
|move|p1a: Odin|Drill Peck|p2a: Rotom
|-resisted|p2a: Rotom
|-damage|p2a: Rotom|84/100
|
|-heal|p2a: Rotom|91/100|[from] item: Leftovers
|upkeep
|turn|31
|
|switch|p1a: Harvy|Hydreigon, F|64/100
|move|p2a: Rotom|Volt Switch|p1a: Harvy
|-resisted|p1a: Harvy
|-damage|p1a: Harvy|47/100
|
|switch|p2a: Clefable|Clefable, F|100/100 brn|[from]move: Volt Switch
|
|upkeep
|turn|32
|
|switch|p1a: Odin|Corviknight, M|100/100
|-ability|p1a: Odin|Pressure
|move|p2a: Clefable|Moonblast|p1a: Odin
|-resisted|p1a: Odin
|-damage|p1a: Odin|84/100
|
|-heal|p1a: Odin|90/100|[from] item: Leftovers
|upkeep
|turn|33
|inactive|Shazamt has 120 seconds left.
|
|switch|p2a: Rotom|Rotom-Wash|91/100
|move|p1a: Odin|Taunt|p2a: Rotom
|-start|p2a: Rotom|move: Taunt
|
|-heal|p2a: Rotom|97/100|[from] item: Leftovers
|-heal|p1a: Odin|97/100|[from] item: Leftovers
|upkeep
|turn|34
|
|switch|p1a: Harvy|Hydreigon, F|47/100
|move|p2a: Rotom|Volt Switch|p1a: Harvy
|-resisted|p1a: Harvy
|-damage|p1a: Harvy|29/100
|
|switch|p2a: Clefable|Clefable, F|100/100 brn|[from]move: Volt Switch
|
|upkeep
|turn|35
|inactive|Shazamt has 120 seconds left.
|
|move|p1a: Harvy|U-turn|p2a: Clefable
|-resisted|p2a: Clefable
|-damage|p2a: Clefable|91/100 brn
|j| PaviaRokan
|
|switch|p1a: Odin|Corviknight, M|97/100|[from]move: U-turn
|-ability|p1a: Odin|Pressure
|move|p2a: Clefable|Moonblast|p1a: Odin
|-resisted|p1a: Odin
|-damage|p1a: Odin|80/100
|
|-heal|p1a: Odin|87/100|[from] item: Leftovers
|-heal|p2a: Clefable|97/100 brn|[from] item: Leftovers
|upkeep
|turn|36
|inactive|Shazamt has 120 seconds left.
|j| le gitan qui mange
|
|switch|p2a: Rotom|Rotom-Wash|97/100
|move|p1a: Odin|Drill Peck|p2a: Rotom
|-resisted|p2a: Rotom
|-damage|p2a: Rotom|79/100
|
|-heal|p2a: Rotom|85/100|[from] item: Leftovers
|-heal|p1a: Odin|93/100|[from] item: Leftovers
|upkeep
|turn|37
|
|switch|p1a: Harvy|Hydreigon, F|29/100
|move|p2a: Rotom|Volt Switch|p1a: Harvy
|-resisted|p1a: Harvy
|-damage|p1a: Harvy|10/100
|
|switch|p2a: Clefable|Clefable, F|97/100 brn|[from]move: Volt Switch
|
|-heal|p2a: Clefable|100/100 brn|[from] item: Leftovers
|upkeep
|turn|38
|
|move|p1a: Harvy|Draco Meteor|p2a: Clefable
|-immune|p2a: Clefable
|move|p2a: Clefable|Stealth Rock|p1a: Harvy
|-sidestart|p1: Shazamt|move: Stealth Rock
|
|upkeep
|turn|39
|
|move|p1a: Harvy|U-turn|p2a: Clefable
|-resisted|p2a: Clefable
|-damage|p2a: Clefable|93/100 brn
|
|switch|p1a: Odin|Corviknight, M|93/100|[from]move: U-turn
|-damage|p1a: Odin|80/100|[from] Stealth Rock
|-ability|p1a: Odin|Pressure
|move|p2a: Clefable|Moonblast|p1a: Odin
|-resisted|p1a: Odin
|-damage|p1a: Odin|66/100
|
|-heal|p1a: Odin|72/100|[from] item: Leftovers
|-heal|p2a: Clefable|99/100 brn|[from] item: Leftovers
|upkeep
|turn|40
|
|switch|p2a: Rotom|Rotom-Wash|85/100
|move|p1a: Odin|Defog|p2a: Rotom
|-unboost|p2a: Rotom|evasion|1
|-sideend|p1: Shazamt|Stealth Rock|[from] move: Defog|[of] p1a: Odin
|
|-heal|p2a: Rotom|91/100|[from] item: Leftovers
|-heal|p1a: Odin|79/100|[from] item: Leftovers
|upkeep
|turn|41
|
|move|p2a: Rotom|Volt Switch|p1a: Odin
|-supereffective|p1a: Odin
|-damage|p1a: Odin|11/100
|
|switch|p2a: Clefable|Clefable, F|99/100 brn|[from]move: Volt Switch
|move|p1a: Odin|Roost|p1a: Odin
|-heal|p1a: Odin|61/100
|-singleturn|p1a: Odin|move: Roost
|
|-heal|p1a: Odin|67/100|[from] item: Leftovers
|-heal|p2a: Clefable|100/100 brn|[from] item: Leftovers
|upkeep
|turn|42
|
|move|p1a: Odin|Roost|p1a: Odin
|-heal|p1a: Odin|100/100
|-singleturn|p1a: Odin|move: Roost
|move|p2a: Clefable|Stealth Rock|p1a: Odin
|-sidestart|p1: Shazamt|move: Stealth Rock
|
|upkeep
|turn|43
|
|switch|p2a: Rotom|Rotom-Wash|91/100
|move|p1a: Odin|Defog|p2a: Rotom
|-unboost|p2a: Rotom|evasion|1
|-sideend|p1: Shazamt|Stealth Rock|[from] move: Defog|[of] p1a: Odin
|
|-heal|p2a: Rotom|98/100|[from] item: Leftovers
|upkeep
|turn|44
|
|move|p2a: Rotom|Thunderbolt|p1a: Odin
|-supereffective|p1a: Odin
|-damage|p1a: Odin|22/100
|move|p1a: Odin|Roost|p1a: Odin
|-heal|p1a: Odin|72/100
|-singleturn|p1a: Odin|move: Roost
|
|-heal|p2a: Rotom|100/100|[from] item: Leftovers
|-heal|p1a: Odin|79/100|[from] item: Leftovers
|upkeep
|turn|45
|c|☆Shazamt|Gg
|
|switch|p1a: Harvy|Hydreigon, F|10/100
|move|p2a: Rotom|Thunderbolt|p1a: Harvy
|-resisted|p1a: Harvy
|-damage|p1a: Harvy|0 fnt
|faint|p1a: Harvy
|
|upkeep
|
|switch|p1a: Odin|Corviknight, M|79/100
|-ability|p1a: Odin|Pressure
|turn|46
|c|☆AriJimo|gg
|
|move|p2a: Rotom|Thunderbolt|p1a: Odin
|-supereffective|p1a: Odin
|-damage|p1a: Odin|4/100
|-status|p1a: Odin|par
|move|p1a: Odin|Roost|p1a: Odin
|-heal|p1a: Odin|54/100 par
|-singleturn|p1a: Odin|move: Roost
|
|-heal|p1a: Odin|60/100 par|[from] item: Leftovers
|upkeep
|turn|47
|
|move|p2a: Rotom|Thunderbolt|p1a: Odin
|-supereffective|p1a: Odin
|-damage|p1a: Odin|0 fnt
|faint|p1a: Odin
|
|win|AriJimo
|l|☆Shazamt
