|ScrapeTime|2020-01-02-01:56:01
|j|☆darkon-kriv
|j|☆Ms Sticky Fingers
|player|p1|darkon-kriv|101|1048
|player|p2|Ms Sticky Fingers|cynthia|1052
|teamsize|p1|6
|teamsize|p2|6
|gametype|singles
|gen|8
|tier|[Gen 8] OU
|rated|
|rule|Sleep Clause Mod: Limit one foe put to sleep
|rule|Species Clause: Limit one of each Pokémon
|rule|OHKO Clause: OHKO moves are banned
|rule|Evasion Moves Clause: Evasion moves are banned
|rule|Endless Battle Clause: Forcing endless battles is banned
|rule|HP Percentage Mod: HP is shown in percentages
|clearpoke
|poke|p1|Aegislash, F|
|poke|p1|Cinderace, M|
|poke|p1|Dragapult, M|
|poke|p1|Dracovish|
|poke|p1|Dracozolt|
|poke|p1|Ferrothorn, F|
|poke|p2|Hawlucha, F|
|poke|p2|Galvantula, M|
|poke|p2|Tsareena, F|
|poke|p2|Polteageist|
|poke|p2|Falinks|
|poke|p2|Golisopod, F|
|rule|Dynamax Clause: You cannot dynamax
|teampreview
|c|☆darkon-kriv|Hello
|c|☆Ms Sticky Fingers|Hey
|c|☆darkon-kriv|First game with this team
|
|start
|switch|p1a: Ferrothorn|Ferrothorn, F|100/100
|switch|p2a: Gilgamesh|Galvantula, M, shiny|100/100
|turn|1
|c|☆Ms Sticky Fingers|This  probably My Fourth with  this one
|c|☆darkon-kriv|Oof sticky web incoming lol
|
|move|p2a: Gilgamesh|Sticky Web|p1a: Ferrothorn
|-sidestart|p1: darkon-kriv|move: Sticky Web
|move|p1a: Ferrothorn|Leech Seed|p2a: Gilgamesh
|-start|p2a: Gilgamesh|move: Leech Seed
|
|-damage|p2a: Gilgamesh|88/100|[from] Leech Seed|[of] p1a: Ferrothorn
|upkeep
|turn|2
|
|move|p2a: Gilgamesh|Volt Switch|p1a: Ferrothorn
|-resisted|p1a: Ferrothorn
|-damage|p1a: Ferrothorn|88/100
|
|switch|p2a: Ishtar|Tsareena, F|100/100|[from]move: Volt Switch
|move|p1a: Ferrothorn|Stealth Rock|p2a: Ishtar
|-sidestart|p2: Ms Sticky Fingers|move: Stealth Rock
|
|-heal|p1a: Ferrothorn|94/100|[from] item: Leftovers
|upkeep
|turn|3
|j| All king
|
|move|p2a: Ishtar|Rapid Spin|p1a: Ferrothorn
|-resisted|p1a: Ferrothorn
|-damage|p1a: Ferrothorn|89/100
|-damage|p2a: Ishtar|88/100|[from] ability: Iron Barbs|[of] p1a: Ferrothorn
|-sideend|p2: Ms Sticky Fingers|Stealth Rock|[from] move: Rapid Spin|[of] p2a: Ishtar
|-boost|p2a: Ishtar|spe|1
|move|p1a: Ferrothorn|Gyro Ball|p2a: Ishtar
|-damage|p2a: Ishtar|40/100
|
|-heal|p1a: Ferrothorn|95/100|[from] item: Leftovers
|upkeep
|turn|4
|
|move|p2a: Ishtar|High Jump Kick|p1a: Ferrothorn
|-supereffective|p1a: Ferrothorn
|-damage|p1a: Ferrothorn|44/100
|-damage|p2a: Ishtar|28/100|[from] ability: Iron Barbs|[of] p1a: Ferrothorn
|move|p1a: Ferrothorn|Gyro Ball|p2a: Ishtar
|-damage|p2a: Ishtar|0 fnt
|faint|p2a: Ishtar
|
|-heal|p1a: Ferrothorn|50/100|[from] item: Leftovers
|upkeep
|
|switch|p2a: Quetzalcoatl|Hawlucha, F, shiny|100/100
|turn|5
|c|☆darkon-kriv|I forgot a spinner lol
|
|move|p2a: Quetzalcoatl|Drain Punch|p1a: Ferrothorn
|-supereffective|p1a: Ferrothorn
|-damage|p1a: Ferrothorn|10/100
|-damage|p2a: Quetzalcoatl|88/100|[from] ability: Iron Barbs|[of] p1a: Ferrothorn
|move|p1a: Ferrothorn|Leech Seed|p2a: Quetzalcoatl|[miss]
|-miss|p1a: Ferrothorn|p2a: Quetzalcoatl
|
|-heal|p1a: Ferrothorn|16/100|[from] item: Leftovers
|upkeep
|turn|6
|
|switch|p1a: Dragapult|Dragapult, M|100/100
|-activate|p1a: Dragapult|move: Sticky Web
|-unboost|p1a: Dragapult|spe|1
|move|p2a: Quetzalcoatl|Drain Punch|p1a: Dragapult
|-immune|p1a: Dragapult
|
|upkeep
|turn|7
|
|move|p1a: Dragapult|Thunderbolt|p2a: Quetzalcoatl
|-supereffective|p2a: Quetzalcoatl
|-damage|p2a: Quetzalcoatl|0 fnt
|faint|p2a: Quetzalcoatl
|
|upkeep
|
|switch|p2a: Gilgamesh|Galvantula, M, shiny|88/100
|turn|8
|
|switch|p1a: Dracozolt|Dracozolt|100/100
|-activate|p1a: Dracozolt|move: Sticky Web
|-unboost|p1a: Dracozolt|spe|1
|move|p2a: Gilgamesh|Thunder|p1a: Dracozolt
|-resisted|p1a: Dracozolt
|-damage|p1a: Dracozolt|85/100
|
|upkeep
|turn|9
|
|move|p2a: Gilgamesh|Bug Buzz|p1a: Dracozolt
|-damage|p1a: Dracozolt|34/100
|move|p1a: Dracozolt|Earthquake|p2a: Gilgamesh
|-damage|p2a: Gilgamesh|5/100
|
|upkeep
|turn|10
|
|move|p2a: Gilgamesh|Bug Buzz|p1a: Dracozolt
|-damage|p1a: Dracozolt|0 fnt
|faint|p1a: Dracozolt
|
|upkeep
|
|switch|p1a: Ferrothorn|Ferrothorn, F|16/100
|-activate|p1a: Ferrothorn|move: Sticky Web
|-unboost|p1a: Ferrothorn|spe|1
|turn|11
|
|move|p2a: Gilgamesh|Thunder|p1a: Ferrothorn
|-resisted|p1a: Ferrothorn
|-damage|p1a: Ferrothorn|0 fnt
|faint|p1a: Ferrothorn
|
|upkeep
|
|switch|p1a: Aegislash|Aegislash, F|100/100
|-activate|p1a: Aegislash|move: Sticky Web
|-unboost|p1a: Aegislash|spe|1
|turn|12
|
|move|p2a: Gilgamesh|Thunder|p1a: Aegislash
|-damage|p1a: Aegislash|74/100
|-formechange|p1a: Aegislash|Aegislash-Blade||[from] ability: Stance Change
|move|p1a: Aegislash|Sacred Sword|p2a: Gilgamesh
|-resisted|p2a: Gilgamesh
|-crit|p2a: Gilgamesh
|-damage|p2a: Gilgamesh|0 fnt
|faint|p2a: Gilgamesh
|
|-heal|p1a: Aegislash|80/100|[from] item: Leftovers
|upkeep
|
|switch|p2a: Eresh|Polteageist|100/100
|turn|13
|
|-formechange|p1a: Aegislash|Aegislash||[from] ability: Stance Change
|move|p1a: Aegislash|King's Shield|p1a: Aegislash
|-singleturn|p1a: Aegislash|Protect
|move|p2a: Eresh|Shell Smash|p2a: Eresh
|-unboost|p2a: Eresh|def|1
|-unboost|p2a: Eresh|spd|1
|-boost|p2a: Eresh|atk|2
|-boost|p2a: Eresh|spa|2
|-boost|p2a: Eresh|spe|2
|-enditem|p2a: Eresh|White Herb
|-clearnegativeboost|p2a: Eresh|[silent]
|
|-heal|p1a: Aegislash|87/100|[from] item: Leftovers
|upkeep
|turn|14
|
|move|p2a: Eresh|Shadow Ball|p1a: Aegislash
|-supereffective|p1a: Aegislash
|-crit|p1a: Aegislash
|-damage|p1a: Aegislash|0 fnt
|faint|p1a: Aegislash
|
|upkeep
|
|switch|p1a: Dracovish|Dracovish|100/100
|-activate|p1a: Dracovish|move: Sticky Web
|-unboost|p1a: Dracovish|spe|1
|turn|15
|
|move|p2a: Eresh|Shadow Ball|p1a: Dracovish
|-damage|p1a: Dracovish|0 fnt
|faint|p1a: Dracovish
|
|upkeep
|
|switch|p1a: Cinderace|Cinderace, M|100/100
|-activate|p1a: Cinderace|move: Sticky Web
|-unboost|p1a: Cinderace|spe|1
|turn|16
|
|move|p2a: Eresh|Shadow Ball|p1a: Cinderace
|-damage|p1a: Cinderace|0 fnt
|faint|p1a: Cinderace
|
|upkeep
|c|☆darkon-kriv|Gg
|
|switch|p1a: Dragapult|Dragapult, M|100/100
|-activate|p1a: Dragapult|move: Sticky Web
|-unboost|p1a: Dragapult|spe|1
|turn|17
|
|move|p2a: Eresh|Shadow Ball|p1a: Dragapult
|-supereffective|p1a: Dragapult
|-damage|p1a: Dragapult|0 fnt
|faint|p1a: Dragapult
|
|win|Ms Sticky Fingers
|raw|darkon-kriv's rating: 1049 → 1032(-17 for losing)
|raw|Ms Sticky Fingers's rating: 1052 → 1084(+32 for winning)
