|ScrapeTime|2020-01-01-21:54:39
|j|☆DugFREEO
|j|☆Dean Ashton
|player|p1|DugFREEO|roxie|1108
|player|p2|Dean Ashton|266|1152
|teamsize|p1|6
|teamsize|p2|6
|gametype|singles
|gen|8
|tier|[Gen 8] OU
|rated|
|rule|Sleep Clause Mod: Limit one foe put to sleep
|rule|Species Clause: Limit one of each Pokémon
|rule|OHKO Clause: OHKO moves are banned
|rule|Evasion Moves Clause: Evasion moves are banned
|rule|Endless Battle Clause: Forcing endless battles is banned
|rule|HP Percentage Mod: HP is shown in percentages
|clearpoke
|poke|p1|Hydreigon, M|
|poke|p1|Toxapex, F|
|poke|p1|Seismitoad, M|
|poke|p1|Ferrothorn, F|
|poke|p1|Avalugg, M|
|poke|p1|Clefable, F|
|poke|p2|Vaporeon, M|
|poke|p2|Ferrothorn, M|
|poke|p2|Torkoal, M|
|poke|p2|Dragapult, F|
|poke|p2|Bisharp, F|
|poke|p2|Hatterene, F|
|rule|Dynamax Clause: You cannot dynamax
|teampreview
|inactive|Battle timer is ON: inactive players will automatically lose when time's up. (requested by Dean Ashton)
|
|start
|switch|p1a: Seismitoad|Seismitoad, M|100/100
|switch|p2a: Torkoal|Torkoal, M|100/100
|turn|1
|
|move|p1a: Seismitoad|Stealth Rock|p2a: Torkoal
|-sidestart|p2: Dean Ashton|move: Stealth Rock
|move|p2a: Torkoal|Will-O-Wisp|p1a: Seismitoad
|-status|p1a: Seismitoad|brn
|
|-damage|p1a: Seismitoad|94/100 brn|[from] brn
|upkeep
|turn|2
|
|move|p1a: Seismitoad|Scald|p2a: Torkoal
|-supereffective|p2a: Torkoal
|-damage|p2a: Torkoal|53/100
|move|p2a: Torkoal|Rapid Spin|p1a: Seismitoad
|-damage|p1a: Seismitoad|88/100 brn
|-sideend|p2: Dean Ashton|Stealth Rock|[from] move: Rapid Spin|[of] p2a: Torkoal
|-boost|p2a: Torkoal|spe|1
|
|-heal|p1a: Seismitoad|94/100 brn|[from] item: Leftovers
|-heal|p2a: Torkoal|59/100|[from] item: Leftovers
|-damage|p1a: Seismitoad|88/100 brn|[from] brn
|upkeep
|turn|3
|
|switch|p2a: Ferrothorn|Ferrothorn, M|100/100
|move|p1a: Seismitoad|Stealth Rock|p2a: Ferrothorn
|-sidestart|p2: Dean Ashton|move: Stealth Rock
|
|-heal|p1a: Seismitoad|94/100 brn|[from] item: Leftovers
|-damage|p1a: Seismitoad|88/100 brn|[from] brn
|upkeep
|turn|4
|
|switch|p1a: Ferrothorn|Ferrothorn, F|100/100
|move|p2a: Ferrothorn|Leech Seed|p1a: Ferrothorn
|-immune|p1a: Ferrothorn
|
|upkeep
|turn|5
|
|switch|p2a: Torkoal|Torkoal, M|59/100
|-damage|p2a: Torkoal|35/100|[from] Stealth Rock
|move|p1a: Ferrothorn|Knock Off|p2a: Torkoal
|-damage|p2a: Torkoal|20/100
|-enditem|p2a: Torkoal|Leftovers|[from] move: Knock Off|[of] p1a: Ferrothorn
|
|upkeep
|turn|6
|
|switch|p1a: Clefable|Clefable, F|100/100
|move|p2a: Torkoal|Rapid Spin|p1a: Clefable
|-damage|p1a: Clefable|94/100
|-sideend|p2: Dean Ashton|Stealth Rock|[from] move: Rapid Spin|[of] p2a: Torkoal
|-boost|p2a: Torkoal|spe|1
|
|-heal|p1a: Clefable|99/100|[from] item: Leftovers
|upkeep
|turn|7
|
|switch|p2a: Hatterene|Hatterene, F|100/100
|move|p1a: Clefable|Aromatherapy|p1a: Clefable
|-activate|p1a: Clefable|move: Aromatherapy
|-curestatus|p1: Seismitoad|brn|[msg]
|
|-heal|p1a: Clefable|100/100|[from] item: Leftovers
|upkeep
|turn|8
|
|move|p1a: Clefable|Wish|p1a: Clefable
|move|p2a: Hatterene|Calm Mind|p2a: Hatterene
|-boost|p2a: Hatterene|spa|1
|-boost|p2a: Hatterene|spd|1
|
|upkeep
|turn|9
|
|switch|p1a: Ferrothorn|Ferrothorn, F|100/100
|move|p2a: Hatterene|Substitute|p2a: Hatterene
|-start|p2a: Hatterene|Substitute
|-damage|p2a: Hatterene|76/100
|
|-heal|p2a: Hatterene|82/100|[from] item: Leftovers
|upkeep
|turn|10
|
|move|p2a: Hatterene|Mystical Fire|p1a: Ferrothorn
|-supereffective|p1a: Ferrothorn
|-damage|p1a: Ferrothorn|0 fnt
|faint|p1a: Ferrothorn
|
|-heal|p2a: Hatterene|88/100|[from] item: Leftovers
|upkeep
|
|switch|p1a: Hydreigon|Hydreigon, M|100/100
|turn|11
|
|move|p1a: Hydreigon|Substitute|p1a: Hydreigon
|-start|p1a: Hydreigon|Substitute
|-damage|p1a: Hydreigon|76/100
|move|p2a: Hatterene|Mystical Fire|p1a: Hydreigon
|-resisted|p1a: Hydreigon
|-activate|p1a: Hydreigon|move: Substitute|[damage]
|
|-heal|p1a: Hydreigon|82/100|[from] item: Leftovers
|-heal|p2a: Hatterene|94/100|[from] item: Leftovers
|upkeep
|turn|12
|
|move|p1a: Hydreigon|Nasty Plot|p1a: Hydreigon
|-boost|p1a: Hydreigon|spa|2
|move|p2a: Hatterene|Calm Mind|p2a: Hatterene
|-boost|p2a: Hatterene|spa|1
|-boost|p2a: Hatterene|spd|1
|
|-heal|p1a: Hydreigon|88/100|[from] item: Leftovers
|-heal|p2a: Hatterene|99/100|[from] item: Leftovers
|upkeep
|turn|13
|
|move|p1a: Hydreigon|Flash Cannon|p2a: Hatterene
|-supereffective|p2a: Hatterene
|-end|p2a: Hatterene|Substitute
|move|p2a: Hatterene|Calm Mind|p2a: Hatterene
|-boost|p2a: Hatterene|spa|1
|-boost|p2a: Hatterene|spd|1
|
|-heal|p1a: Hydreigon|94/100|[from] item: Leftovers
|-heal|p2a: Hatterene|100/100|[from] item: Leftovers
|upkeep
|turn|14
|
|move|p1a: Hydreigon|Nasty Plot|p1a: Hydreigon
|-boost|p1a: Hydreigon|spa|2
|move|p2a: Hatterene|Calm Mind|p2a: Hatterene
|-boost|p2a: Hatterene|spa|1
|-boost|p2a: Hatterene|spd|1
|
|-heal|p1a: Hydreigon|99/100|[from] item: Leftovers
|upkeep
|turn|15
|
|move|p1a: Hydreigon|Flash Cannon|p2a: Hatterene
|-supereffective|p2a: Hatterene
|-damage|p2a: Hatterene|41/100
|move|p2a: Hatterene|Mystical Fire|p1a: Hydreigon
|-resisted|p1a: Hydreigon
|-end|p1a: Hydreigon|Substitute
|
|-heal|p1a: Hydreigon|100/100|[from] item: Leftovers
|-heal|p2a: Hatterene|47/100|[from] item: Leftovers
|upkeep
|turn|16
|
|move|p1a: Hydreigon|Substitute|p1a: Hydreigon
|-start|p1a: Hydreigon|Substitute
|-damage|p1a: Hydreigon|76/100
|move|p2a: Hatterene|Mystical Fire|p1a: Hydreigon
|-resisted|p1a: Hydreigon
|-end|p1a: Hydreigon|Substitute
|
|-heal|p1a: Hydreigon|82/100|[from] item: Leftovers
|-heal|p2a: Hatterene|53/100|[from] item: Leftovers
|upkeep
|turn|17
|
|move|p1a: Hydreigon|Flash Cannon|p2a: Hatterene
|-supereffective|p2a: Hatterene
|-damage|p2a: Hatterene|0 fnt
|faint|p2a: Hatterene
|
|-heal|p1a: Hydreigon|88/100|[from] item: Leftovers
|upkeep
|
|switch|p2a: Dragapult|Dragapult, F|100/100
|turn|18
|
|switch|p1a: Clefable|Clefable, F|100/100
|move|p2a: Dragapult|U-turn|p1a: Clefable
|-resisted|p1a: Clefable
|-damage|p1a: Clefable|92/100
|
|switch|p2a: Bisharp|Bisharp, F|100/100|[from]move: U-turn
|
|-heal|p1a: Clefable|98/100|[from] item: Leftovers
|upkeep
|turn|19
|
|switch|p1a: Toxapex|Toxapex, F|100/100
|move|p2a: Bisharp|Swords Dance|p2a: Bisharp
|-boost|p2a: Bisharp|atk|2
|
|upkeep
|turn|20
|
|move|p2a: Bisharp|Iron Head|p1a: Toxapex
|-resisted|p1a: Toxapex
|-damage|p1a: Toxapex|58/100
|-damage|p2a: Bisharp|91/100|[from] item: Life Orb
|move|p1a: Toxapex|Haze|p1a: Toxapex
|-clearallboost
|
|-heal|p1a: Toxapex|64/100|[from] item: Black Sludge
|upkeep
|turn|21
|
|switch|p2a: Ferrothorn|Ferrothorn, M|100/100
|move|p1a: Toxapex|Scald|p2a: Ferrothorn
|-resisted|p2a: Ferrothorn
|-damage|p2a: Ferrothorn|94/100
|-status|p2a: Ferrothorn|brn
|
|-heal|p1a: Toxapex|70/100|[from] item: Black Sludge
|-heal|p2a: Ferrothorn|99/100 brn|[from] item: Leftovers
|-damage|p2a: Ferrothorn|94/100 brn|[from] brn
|upkeep
|turn|22
|
|switch|p1a: Hydreigon|Hydreigon, M|88/100
|move|p2a: Ferrothorn|Leech Seed|p1a: Hydreigon
|-start|p1a: Hydreigon|move: Leech Seed
|
|-heal|p1a: Hydreigon|94/100|[from] item: Leftovers
|-heal|p2a: Ferrothorn|99/100 brn|[from] item: Leftovers
|-damage|p1a: Hydreigon|82/100|[from] Leech Seed|[of] p2a: Ferrothorn
|-heal|p2a: Ferrothorn|100/100 brn|[silent]
|-damage|p2a: Ferrothorn|95/100 brn|[from] brn
|upkeep
|turn|23
|
|switch|p1a: Clefable|Clefable, F|98/100
|switch|p2a: Vaporeon|Vaporeon, M|100/100
|
|-heal|p1a: Clefable|100/100|[from] item: Leftovers
|upkeep
|turn|24
|
|move|p2a: Vaporeon|Wish|p2a: Vaporeon
|move|p1a: Clefable|Moonblast|p2a: Vaporeon
|-crit|p2a: Vaporeon
|-damage|p2a: Vaporeon|72/100
|-unboost|p2a: Vaporeon|spa|1
|
|-heal|p2a: Vaporeon|78/100|[from] item: Leftovers
|upkeep
|turn|25
|
|switch|p2a: Torkoal|Torkoal, M|20/100
|move|p1a: Clefable|Moonblast|p2a: Torkoal
|-resisted|p2a: Torkoal
|-damage|p2a: Torkoal|4/100
|
|-heal|p2a: Torkoal|71/100|[from] move: Wish|[wisher] Vaporeon
|upkeep
|turn|26
|
|switch|p1a: Hydreigon|Hydreigon, M|82/100
|move|p2a: Torkoal|Stealth Rock|p1a: Hydreigon
|-sidestart|p1: DugFREEO|move: Stealth Rock
|
|-heal|p1a: Hydreigon|88/100|[from] item: Leftovers
|upkeep
|turn|27
|
|switch|p2a: Vaporeon|Vaporeon, M|78/100
|move|p1a: Hydreigon|Substitute|p1a: Hydreigon
|-start|p1a: Hydreigon|Substitute
|-damage|p1a: Hydreigon|63/100
|
|-heal|p1a: Hydreigon|69/100|[from] item: Leftovers
|-heal|p2a: Vaporeon|84/100|[from] item: Leftovers
|upkeep
|turn|28
|
|move|p1a: Hydreigon|Nasty Plot|p1a: Hydreigon
|-boost|p1a: Hydreigon|spa|2
|move|p2a: Vaporeon|Wish|p2a: Vaporeon
|
|-heal|p1a: Hydreigon|75/100|[from] item: Leftovers
|-heal|p2a: Vaporeon|90/100|[from] item: Leftovers
|upkeep
|turn|29
|
|move|p1a: Hydreigon|Dark Pulse|p2a: Vaporeon
|-damage|p2a: Vaporeon|46/100
|move|p2a: Vaporeon|Haze|p2a: Vaporeon
|-clearallboost
|
|-heal|p2a: Vaporeon|96/100|[from] move: Wish|[wisher] Vaporeon
|-heal|p1a: Hydreigon|81/100|[from] item: Leftovers
|-heal|p2a: Vaporeon|100/100|[from] item: Leftovers
|upkeep
|turn|30
|
|move|p1a: Hydreigon|Nasty Plot|p1a: Hydreigon
|-boost|p1a: Hydreigon|spa|2
|move|p2a: Vaporeon|Wish|p2a: Vaporeon
|
|-heal|p1a: Hydreigon|88/100|[from] item: Leftovers
|upkeep
|turn|31
|
|move|p1a: Hydreigon|Dark Pulse|p2a: Vaporeon
|-damage|p2a: Vaporeon|58/100
|move|p2a: Vaporeon|Haze|p2a: Vaporeon
|-clearallboost
|
|-heal|p2a: Vaporeon|100/100|[from] move: Wish|[wisher] Vaporeon
|-heal|p1a: Hydreigon|94/100|[from] item: Leftovers
|upkeep
|turn|32
|
|move|p1a: Hydreigon|Dark Pulse|p2a: Vaporeon
|-damage|p2a: Vaporeon|77/100
|move|p2a: Vaporeon|Wish|p2a: Vaporeon
|
|-heal|p1a: Hydreigon|99/100|[from] item: Leftovers
|-heal|p2a: Vaporeon|83/100|[from] item: Leftovers
|upkeep
|turn|33
|
|move|p1a: Hydreigon|Dark Pulse|p2a: Vaporeon
|-damage|p2a: Vaporeon|60/100
|move|p2a: Vaporeon|Scald|p1a: Hydreigon
|-resisted|p1a: Hydreigon
|-activate|p1a: Hydreigon|move: Substitute|[damage]
|
|-heal|p2a: Vaporeon|100/100|[from] move: Wish|[wisher] Vaporeon
|-heal|p1a: Hydreigon|100/100|[from] item: Leftovers
|upkeep
|turn|34
|
|move|p1a: Hydreigon|Dark Pulse|p2a: Vaporeon
|-damage|p2a: Vaporeon|76/100
|move|p2a: Vaporeon|Wish|p2a: Vaporeon
|
|-heal|p2a: Vaporeon|82/100|[from] item: Leftovers
|upkeep
|turn|35
|
|move|p1a: Hydreigon|Nasty Plot|p1a: Hydreigon
|-boost|p1a: Hydreigon|spa|2
|move|p2a: Vaporeon|Scald|p1a: Hydreigon
|-resisted|p1a: Hydreigon
|-end|p1a: Hydreigon|Substitute
|
|-heal|p2a: Vaporeon|100/100|[from] move: Wish|[wisher] Vaporeon
|upkeep
|turn|36
|
|move|p1a: Hydreigon|Dark Pulse|p2a: Vaporeon
|-damage|p2a: Vaporeon|51/100
|move|p2a: Vaporeon|Haze|p2a: Vaporeon
|-clearallboost
|
|-heal|p2a: Vaporeon|57/100|[from] item: Leftovers
|upkeep
|turn|37
|
|switch|p2a: Dragapult|Dragapult, F|100/100
|move|p1a: Hydreigon|Substitute|p1a: Hydreigon
|-start|p1a: Hydreigon|Substitute
|-damage|p1a: Hydreigon|76/100
|
|-heal|p1a: Hydreigon|82/100|[from] item: Leftovers
|upkeep
|turn|38
|
|move|p2a: Dragapult|Draco Meteor|p1a: Hydreigon|[miss]
|-miss|p2a: Dragapult|p1a: Hydreigon
|move|p1a: Hydreigon|Dark Pulse|p2a: Dragapult
|-supereffective|p2a: Dragapult
|-damage|p2a: Dragapult|0 fnt
|faint|p2a: Dragapult
|
|-heal|p1a: Hydreigon|88/100|[from] item: Leftovers
|upkeep
|c|☆Dean Ashton|OFC
|c|☆DugFREEO|Prayed you weren’t infil
|inactive|Dean Ashton has 120 seconds left.
|
|switch|p2a: Bisharp|Bisharp, F|91/100
|turn|39
|c|☆DugFREEO|guess my prayers went to a diff way
|
|move|p1a: Hydreigon|Dark Pulse|p2a: Bisharp
|-resisted|p2a: Bisharp
|-damage|p2a: Bisharp|56/100
|move|p2a: Bisharp|Iron Head|p1a: Hydreigon
|-end|p1a: Hydreigon|Substitute
|-damage|p2a: Bisharp|46/100|[from] item: Life Orb
|
|-heal|p1a: Hydreigon|94/100|[from] item: Leftovers
|upkeep
|turn|40
|
|switch|p1a: Toxapex|Toxapex, F|100/100
|-damage|p1a: Toxapex|88/100|[from] Stealth Rock
|move|p2a: Bisharp|Swords Dance|p2a: Bisharp
|-boost|p2a: Bisharp|atk|2
|
|-heal|p1a: Toxapex|94/100|[from] item: Black Sludge
|upkeep
|turn|41
|
|move|p2a: Bisharp|Swords Dance|p2a: Bisharp
|-boost|p2a: Bisharp|atk|2
|move|p1a: Toxapex|Haze|p1a: Toxapex
|-clearallboost
|
|-heal|p1a: Toxapex|100/100|[from] item: Black Sludge
|upkeep
|turn|42
|
|switch|p2a: Ferrothorn|Ferrothorn, M|95/100 brn
|move|p1a: Toxapex|Scald|p2a: Ferrothorn
|-resisted|p2a: Ferrothorn
|-damage|p2a: Ferrothorn|87/100 brn
|
|-heal|p2a: Ferrothorn|93/100 brn|[from] item: Leftovers
|-damage|p2a: Ferrothorn|87/100 brn|[from] brn
|upkeep
|turn|43
|
|switch|p1a: Clefable|Clefable, F|100/100
|move|p2a: Ferrothorn|Toxic|p1a: Clefable
|-status|p1a: Clefable|tox
|
|-heal|p2a: Ferrothorn|93/100 brn|[from] item: Leftovers
|-damage|p2a: Ferrothorn|87/100 brn|[from] brn
|upkeep
|turn|44
|
|switch|p1a: Hydreigon|Hydreigon, M|94/100
|-damage|p1a: Hydreigon|82/100|[from] Stealth Rock
|switch|p2a: Vaporeon|Vaporeon, M|57/100
|
|-heal|p1a: Hydreigon|88/100|[from] item: Leftovers
|-heal|p2a: Vaporeon|63/100|[from] item: Leftovers
|upkeep
|turn|45
|
|move|p1a: Hydreigon|Substitute|p1a: Hydreigon
|-start|p1a: Hydreigon|Substitute
|-damage|p1a: Hydreigon|63/100
|move|p2a: Vaporeon|Wish|p2a: Vaporeon
|
|-heal|p1a: Hydreigon|69/100|[from] item: Leftovers
|-heal|p2a: Vaporeon|69/100|[from] item: Leftovers
|upkeep
|turn|46
|
|move|p1a: Hydreigon|Nasty Plot|p1a: Hydreigon
|-boost|p1a: Hydreigon|spa|2
|move|p2a: Vaporeon|Haze|p2a: Vaporeon
|-clearallboost
|
|-heal|p2a: Vaporeon|100/100|[from] move: Wish|[wisher] Vaporeon
|-heal|p1a: Hydreigon|75/100|[from] item: Leftovers
|upkeep
|turn|47
|
|move|p1a: Hydreigon|Nasty Plot|p1a: Hydreigon
|-boost|p1a: Hydreigon|spa|2
|move|p2a: Vaporeon|Wish|p2a: Vaporeon
|
|-heal|p1a: Hydreigon|81/100|[from] item: Leftovers
|upkeep
|turn|48
|
|move|p1a: Hydreigon|Dark Pulse|p2a: Vaporeon
|-damage|p2a: Vaporeon|53/100
|move|p2a: Vaporeon|Haze|p2a: Vaporeon
|-clearallboost
|
|-heal|p2a: Vaporeon|100/100|[from] move: Wish|[wisher] Vaporeon
|-heal|p1a: Hydreigon|88/100|[from] item: Leftovers
|upkeep
|turn|49
|
|move|p1a: Hydreigon|Nasty Plot|p1a: Hydreigon
|-boost|p1a: Hydreigon|spa|2
|move|p2a: Vaporeon|Wish|p2a: Vaporeon
|
|-heal|p1a: Hydreigon|94/100|[from] item: Leftovers
|upkeep
|turn|50
|
|move|p1a: Hydreigon|Flash Cannon|p2a: Vaporeon
|-resisted|p2a: Vaporeon
|-damage|p2a: Vaporeon|85/100
|move|p2a: Vaporeon|Haze|p2a: Vaporeon
|-clearallboost
|
|-heal|p2a: Vaporeon|100/100|[from] move: Wish|[wisher] Vaporeon
|-heal|p1a: Hydreigon|99/100|[from] item: Leftovers
|upkeep
|turn|51
|
|move|p1a: Hydreigon|Nasty Plot|p1a: Hydreigon
|-boost|p1a: Hydreigon|spa|2
|move|p2a: Vaporeon|Wish|p2a: Vaporeon
|
|-heal|p1a: Hydreigon|100/100|[from] item: Leftovers
|upkeep
|turn|52
|
|move|p1a: Hydreigon|Dark Pulse|p2a: Vaporeon
|-damage|p2a: Vaporeon|57/100
|cant|p2a: Vaporeon|flinch
|
|-heal|p2a: Vaporeon|100/100|[from] move: Wish|[wisher] Vaporeon
|upkeep
|turn|53
|
|move|p1a: Hydreigon|Dark Pulse|p2a: Vaporeon
|-crit|p2a: Vaporeon
|-damage|p2a: Vaporeon|27/100
|move|p2a: Vaporeon|Haze|p2a: Vaporeon
|-clearallboost
|
|-heal|p2a: Vaporeon|33/100|[from] item: Leftovers
|upkeep
|turn|54
|
|move|p1a: Hydreigon|Dark Pulse|p2a: Vaporeon
|-damage|p2a: Vaporeon|9/100
|move|p2a: Vaporeon|Wish|p2a: Vaporeon
|
|-heal|p2a: Vaporeon|15/100|[from] item: Leftovers
|upkeep
|turn|55
|
|move|p2a: Vaporeon|Protect|p2a: Vaporeon
|-singleturn|p2a: Vaporeon|Protect
|move|p1a: Hydreigon|Dark Pulse|p2a: Vaporeon
|-activate|p2a: Vaporeon|move: Protect
|
|-heal|p2a: Vaporeon|65/100|[from] move: Wish|[wisher] Vaporeon
|-heal|p2a: Vaporeon|71/100|[from] item: Leftovers
|upkeep
|turn|56
|
|move|p1a: Hydreigon|Nasty Plot|p1a: Hydreigon
|-boost|p1a: Hydreigon|spa|2
|move|p2a: Vaporeon|Wish|p2a: Vaporeon
|
|-heal|p2a: Vaporeon|77/100|[from] item: Leftovers
|upkeep
|turn|57
|
|move|p1a: Hydreigon|Dark Pulse|p2a: Vaporeon
|-damage|p2a: Vaporeon|34/100
|move|p2a: Vaporeon|Haze|p2a: Vaporeon
|-clearallboost
|
|-heal|p2a: Vaporeon|84/100|[from] move: Wish|[wisher] Vaporeon
|-heal|p2a: Vaporeon|90/100|[from] item: Leftovers
|upkeep
|turn|58
|
|move|p1a: Hydreigon|Nasty Plot|p1a: Hydreigon
|-boost|p1a: Hydreigon|spa|2
|move|p2a: Vaporeon|Wish|p2a: Vaporeon
|
|-heal|p2a: Vaporeon|96/100|[from] item: Leftovers
|upkeep
|turn|59
|
|move|p1a: Hydreigon|Dark Pulse|p2a: Vaporeon
|-damage|p2a: Vaporeon|47/100
|move|p2a: Vaporeon|Haze|p2a: Vaporeon
|-clearallboost
|
|-heal|p2a: Vaporeon|97/100|[from] move: Wish|[wisher] Vaporeon
|-heal|p2a: Vaporeon|100/100|[from] item: Leftovers
|upkeep
|turn|60
|
|move|p1a: Hydreigon|Nasty Plot|p1a: Hydreigon
|-boost|p1a: Hydreigon|spa|2
|move|p2a: Vaporeon|Wish|p2a: Vaporeon
|
|upkeep
|turn|61
|
|move|p1a: Hydreigon|Flash Cannon|p2a: Vaporeon
|-resisted|p2a: Vaporeon
|-damage|p2a: Vaporeon|84/100
|move|p2a: Vaporeon|Haze|p2a: Vaporeon
|-clearallboost
|
|-heal|p2a: Vaporeon|100/100|[from] move: Wish|[wisher] Vaporeon
|upkeep
|turn|62
|
|move|p1a: Hydreigon|Nasty Plot|p1a: Hydreigon
|-boost|p1a: Hydreigon|spa|2
|move|p2a: Vaporeon|Haze|p2a: Vaporeon
|-clearallboost
|
|upkeep
|turn|63
|
|move|p1a: Hydreigon|Nasty Plot|p1a: Hydreigon
|-boost|p1a: Hydreigon|spa|2
|move|p2a: Vaporeon|Haze|p2a: Vaporeon
|-clearallboost
|
|upkeep
|turn|64
|
|move|p1a: Hydreigon|Flash Cannon|p2a: Vaporeon
|-resisted|p2a: Vaporeon
|-damage|p2a: Vaporeon|93/100
|move|p2a: Vaporeon|Haze|p2a: Vaporeon
|-clearallboost
|
|-heal|p2a: Vaporeon|99/100|[from] item: Leftovers
|upkeep
|turn|65
|
|move|p1a: Hydreigon|Nasty Plot|p1a: Hydreigon
|-boost|p1a: Hydreigon|spa|2
|move|p2a: Vaporeon|Haze|p2a: Vaporeon
|-clearallboost
|
|-heal|p2a: Vaporeon|100/100|[from] item: Leftovers
|upkeep
|turn|66
|
|move|p1a: Hydreigon|Dark Pulse|p2a: Vaporeon
|-damage|p2a: Vaporeon|79/100
|move|p2a: Vaporeon|Wish|p2a: Vaporeon
|
|-heal|p2a: Vaporeon|85/100|[from] item: Leftovers
|upkeep
|turn|67
|
|switch|p2a: Bisharp|Bisharp, F|46/100
|move|p1a: Hydreigon|Nasty Plot|p1a: Hydreigon
|-boost|p1a: Hydreigon|spa|2
|
|-heal|p2a: Bisharp|100/100|[from] move: Wish|[wisher] Vaporeon
|upkeep
|turn|68
|
|move|p1a: Hydreigon|Dark Pulse|p2a: Bisharp
|-resisted|p2a: Bisharp
|-damage|p2a: Bisharp|36/100
|cant|p2a: Bisharp|flinch
|
|upkeep
|turn|69
|-message|Dean Ashton forfeited.
|
|win|DugFREEO
|l|☆Dean Ashton
