|ScrapeTime|2020-01-01-14:15:36
|j|☆hombre mana
|j|☆Glennonnnnnn
|player|p1|hombre mana|lucas|1156
|player|p2|Glennonnnnnn|170|1122
|teamsize|p1|6
|teamsize|p2|6
|gametype|singles
|gen|8
|tier|[Gen 8] OU
|rated|
|rule|Sleep Clause Mod: Limit one foe put to sleep
|rule|Species Clause: Limit one of each Pokémon
|rule|OHKO Clause: OHKO moves are banned
|rule|Evasion Moves Clause: Evasion moves are banned
|rule|Endless Battle Clause: Forcing endless battles is banned
|rule|HP Percentage Mod: HP is shown in percentages
|clearpoke
|poke|p1|Golurk|
|poke|p1|Toxtricity-Low-Key, F|
|poke|p1|Haxorus, M|
|poke|p1|Weezing-Galar, F|
|poke|p1|Stunfisk-Galar, F|
|poke|p1|Milotic, M|
|poke|p2|Togekiss, F|
|poke|p2|Ferrothorn, F|
|poke|p2|Seismitoad, F|
|poke|p2|Cinderace, M|
|poke|p2|Hydreigon, M|
|poke|p2|Toxtricity, F|
|rule|Dynamax Clause: You cannot dynamax
|teampreview
|inactive|Battle timer is ON: inactive players will automatically lose when time's up. (requested by Glennonnnnnn)
|
|start
|switch|p1a: Haxorus|Haxorus, M|100/100
|switch|p2a: Togekiss|Togekiss, F|100/100
|-ability|p1a: Haxorus|Mold Breaker
|turn|1
|
|move|p1a: Haxorus|Iron Tail|p2a: Togekiss
|-supereffective|p2a: Togekiss
|-damage|p2a: Togekiss|6/100
|move|p2a: Togekiss|Dazzling Gleam|p1a: Haxorus
|-supereffective|p1a: Haxorus
|-damage|p1a: Haxorus|0 fnt
|faint|p1a: Haxorus
|
|upkeep
|
|switch|p1a: Toxtricity|Toxtricity-Low-Key, F|100/100
|turn|2
|
|move|p2a: Togekiss|Dazzling Gleam|p1a: Toxtricity
|-resisted|p1a: Toxtricity
|-crit|p1a: Toxtricity
|-damage|p1a: Toxtricity|31/100
|move|p1a: Toxtricity|Boomburst|p2a: Togekiss
|-damage|p2a: Togekiss|0 fnt
|faint|p2a: Togekiss
|
|upkeep
|
|switch|p2a: Cinderace|Cinderace, M|100/100
|turn|3
|
|switch|p1a: Milotic|Milotic, M|100/100
|move|p2a: Cinderace|Pyro Ball|p1a: Milotic
|-resisted|p1a: Milotic
|-damage|p1a: Milotic|72/100
|-status|p1a: Milotic|brn
|
|-heal|p1a: Milotic|78/100 brn|[from] item: Leftovers
|-damage|p1a: Milotic|72/100 brn|[from] brn
|upkeep
|turn|4
|
|switch|p2a: Seismitoad|Seismitoad, F|100/100
|switch|p1a: Toxtricity|Toxtricity-Low-Key, F|31/100
|
|upkeep
|turn|5
|
|move|p1a: Toxtricity|Boomburst|p2a: Seismitoad
|-damage|p2a: Seismitoad|39/100
|move|p2a: Seismitoad|Drain Punch|p1a: Toxtricity
|-resisted|p1a: Toxtricity
|-damage|p1a: Toxtricity|15/100
|-heal|p2a: Seismitoad|44/100|[from] drain|[of] p1a: Toxtricity
|
|-heal|p2a: Seismitoad|50/100|[from] item: Leftovers
|upkeep
|turn|6
|
|switch|p2a: Ferrothorn|Ferrothorn, F|100/100
|move|p1a: Toxtricity|Boomburst|p2a: Ferrothorn
|-resisted|p2a: Ferrothorn
|-damage|p2a: Ferrothorn|68/100
|
|-heal|p2a: Ferrothorn|74/100|[from] item: Leftovers
|upkeep
|turn|7
|
|move|p1a: Toxtricity|Boomburst|p2a: Ferrothorn
|-resisted|p2a: Ferrothorn
|-damage|p2a: Ferrothorn|40/100
|move|p2a: Ferrothorn|Power Whip|p1a: Toxtricity|[miss]
|-miss|p2a: Ferrothorn|p1a: Toxtricity
|
|-heal|p2a: Ferrothorn|46/100|[from] item: Leftovers
|upkeep
|turn|8
|
|move|p1a: Toxtricity|Boomburst|p2a: Ferrothorn
|-resisted|p2a: Ferrothorn
|-damage|p2a: Ferrothorn|3/100
|move|p2a: Ferrothorn|Power Whip|p1a: Toxtricity
|-resisted|p1a: Toxtricity
|-damage|p1a: Toxtricity|0 fnt
|faint|p1a: Toxtricity
|
|-heal|p2a: Ferrothorn|10/100|[from] item: Leftovers
|upkeep
|
|switch|p1a: Golurk|Golurk|100/100
|turn|9
|
|move|p1a: Golurk|Drain Punch|p2a: Ferrothorn
|-supereffective|p2a: Ferrothorn
|-damage|p2a: Ferrothorn|0 fnt
|-damage|p1a: Golurk|88/100|[from] ability: Iron Barbs|[of] p2a: Ferrothorn
|faint|p2a: Ferrothorn
|
|upkeep
|
|switch|p2a: Hydreigon|Hydreigon, M|100/100
|turn|10
|
|switch|p1a: Weezing|Weezing-Galar, F|100/100
|move|p2a: Hydreigon|Dark Pulse|p1a: Weezing
|-resisted|p1a: Weezing
|-damage|p1a: Weezing|72/100
|
|-heal|p1a: Weezing|78/100|[from] item: Black Sludge
|upkeep
|turn|11
|inactive|Glennonnnnnn has 120 seconds left.
|
|switch|p2a: Cinderace|Cinderace, M|100/100
|move|p1a: Weezing|Toxic Spikes|p2a: Cinderace
|-sidestart|p2: Glennonnnnnn|move: Toxic Spikes
|
|-heal|p1a: Weezing|84/100|[from] item: Black Sludge
|upkeep
|turn|12
|
|switch|p1a: Milotic|Milotic, M|72/100 brn
|move|p2a: Cinderace|Pyro Ball|p1a: Milotic
|-resisted|p1a: Milotic
|-damage|p1a: Milotic|40/100 brn
|
|-heal|p1a: Milotic|46/100 brn|[from] item: Leftovers
|-damage|p1a: Milotic|40/100 brn|[from] brn
|upkeep
|turn|13
|
|move|p2a: Cinderace|Gunk Shot|p1a: Milotic
|-damage|p1a: Milotic|0 fnt
|faint|p1a: Milotic
|
|upkeep
|
|switch|p1a: Golurk|Golurk|88/100
|turn|14
|
|move|p2a: Cinderace|Sucker Punch|p1a: Golurk
|-supereffective|p1a: Golurk
|-damage|p1a: Golurk|33/100
|move|p1a: Golurk|Earthquake|p2a: Cinderace
|-supereffective|p2a: Cinderace
|-damage|p2a: Cinderace|0 fnt
|faint|p2a: Cinderace
|
|upkeep
|
|switch|p2a: Toxtricity|Toxtricity, F|100/100
|-sideend|p2: Glennonnnnnn|move: Toxic Spikes|[of] p2a: Toxtricity
|turn|15
|
|switch|p1a: Stunfisk|Stunfisk-Galar, F|100/100
|move|p2a: Toxtricity|Boomburst|p1a: Stunfisk
|-resisted|p1a: Stunfisk
|-damage|p1a: Stunfisk|67/100
|
|-heal|p1a: Stunfisk|73/100|[from] item: Leftovers
|upkeep
|turn|16
|
|switch|p2a: Hydreigon|Hydreigon, M|100/100
|switch|p1a: Golurk|Golurk|33/100
|
|upkeep
|turn|17
|
|switch|p1a: Weezing|Weezing-Galar, F|84/100
|move|p2a: Hydreigon|Dark Pulse|p1a: Weezing
|-resisted|p1a: Weezing
|-damage|p1a: Weezing|57/100
|
|-heal|p1a: Weezing|63/100|[from] item: Black Sludge
|upkeep
|turn|18
|
|move|p2a: Hydreigon|Dark Pulse|p1a: Weezing
|-resisted|p1a: Weezing
|-damage|p1a: Weezing|36/100
|move|p1a: Weezing|Toxic Spikes|p2a: Hydreigon
|-sidestart|p2: Glennonnnnnn|move: Toxic Spikes
|
|-heal|p1a: Weezing|42/100|[from] item: Black Sludge
|upkeep
|turn|19
|
|move|p2a: Hydreigon|Dark Pulse|p1a: Weezing
|-resisted|p1a: Weezing
|-damage|p1a: Weezing|14/100
|move|p1a: Weezing|Strange Steam|p2a: Hydreigon
|-supereffective|p2a: Hydreigon
|-damage|p2a: Hydreigon|0 fnt
|faint|p2a: Hydreigon
|
|-heal|p1a: Weezing|20/100|[from] item: Black Sludge
|upkeep
|
|switch|p2a: Toxtricity|Toxtricity, F|100/100
|-sideend|p2: Glennonnnnnn|move: Toxic Spikes|[of] p2a: Toxtricity
|turn|20
|
|switch|p1a: Golurk|Golurk|33/100
|move|p2a: Toxtricity|Boomburst|p1a: Golurk
|-immune|p1a: Golurk
|
|upkeep
|turn|21
|
|switch|p2a: Seismitoad|Seismitoad, F|50/100
|move|p1a: Golurk|Earthquake|p2a: Seismitoad
|-damage|p2a: Seismitoad|0 fnt
|faint|p2a: Seismitoad
|
|upkeep
|
|switch|p2a: Toxtricity|Toxtricity, F|100/100
|turn|22
|
|move|p1a: Golurk|Earthquake|p2a: Toxtricity
|-supereffective|p2a: Toxtricity
|-damage|p2a: Toxtricity|0 fnt
|faint|p2a: Toxtricity
|
|win|hombre mana
|raw|hombre mana's rating: 1156 → 1178(+22 for winning)
|raw|Glennonnnnnn's rating: 1123 → 1100(-23 for losing)
|l|☆Glennonnnnnn
