|ScrapeTime|2020-01-01-14:54:41
|j|☆jaaaaaaaaaaaaj
|j|☆iwelfie
|player|p1|jaaaaaaaaaaaaj|dragontamer|1041
|player|p2|iwelfie|rosa|1047
|teamsize|p1|6
|teamsize|p2|6
|gametype|singles
|gen|8
|tier|[Gen 8] OU
|rated|
|rule|Sleep Clause Mod: Limit one foe put to sleep
|rule|Species Clause: Limit one of each Pokémon
|rule|OHKO Clause: OHKO moves are banned
|rule|Evasion Moves Clause: Evasion moves are banned
|rule|Endless Battle Clause: Forcing endless battles is banned
|rule|HP Percentage Mod: HP is shown in percentages
|clearpoke
|poke|p1|Grimmsnarl, M|
|poke|p1|Excadrill, F|
|poke|p1|Aegislash, F|
|poke|p1|Kommo-o, F|
|poke|p1|Hawlucha, F|
|poke|p1|Gyarados, F|
|poke|p2|Snorlax, M|
|poke|p2|Pangoro, F|
|poke|p2|Cramorant, F|
|poke|p2|Manectric, F|
|poke|p2|Ferrothorn, M|
|poke|p2|Excadrill, M|
|rule|Dynamax Clause: You cannot dynamax
|teampreview
|
|start
|switch|p1a: Excadrill|Excadrill, F|100/100
|switch|p2a: Ferrothorn|Ferrothorn, M|100/100
|-ability|p1a: Excadrill|Mold Breaker
|turn|1
|
|switch|p1a: Kommo-o|Kommo-o, F|100/100
|move|p2a: Ferrothorn|Spikes|p1a: Kommo-o
|-sidestart|p1: jaaaaaaaaaaaaj|Spikes
|
|upkeep
|turn|2
|
|move|p2a: Ferrothorn|Protect|p2a: Ferrothorn
|-singleturn|p2a: Ferrothorn|Protect
|move|p1a: Kommo-o|Clangorous Soul|p1a: Kommo-o
|-boost|p1a: Kommo-o|atk|1
|-boost|p1a: Kommo-o|def|1
|-boost|p1a: Kommo-o|spa|1
|-boost|p1a: Kommo-o|spd|1
|-boost|p1a: Kommo-o|spe|1
|-damage|p1a: Kommo-o|67/100
|-enditem|p1a: Kommo-o|Throat Spray
|-boost|p1a: Kommo-o|spa|1
|
|upkeep
|turn|3
|
|move|p1a: Kommo-o|Flamethrower|p2a: Ferrothorn
|-supereffective|p2a: Ferrothorn
|-damage|p2a: Ferrothorn|0 fnt
|faint|p2a: Ferrothorn
|
|upkeep
|
|switch|p2a: Cramorant|Cramorant, F|100/100
|turn|4
|
|move|p1a: Kommo-o|Clanging Scales|p2a: Cramorant
|-damage|p2a: Cramorant|0 fnt
|-unboost|p1a: Kommo-o|def|1
|faint|p2a: Cramorant
|
|upkeep
|
|switch|p2a: Manectric|Manectric, F|100/100
|turn|5
|
|move|p1a: Kommo-o|Clanging Scales|p2a: Manectric
|-damage|p2a: Manectric|0 fnt
|-unboost|p1a: Kommo-o|def|1
|faint|p2a: Manectric
|
|upkeep
|
|switch|p2a: Pangoro|Pangoro, F|100/100
|turn|6
|
|move|p1a: Kommo-o|Clanging Scales|p2a: Pangoro
|-damage|p2a: Pangoro|0 fnt
|-unboost|p1a: Kommo-o|def|1
|faint|p2a: Pangoro
|
|upkeep
|
|switch|p2a: Excadrill|Excadrill, M|100/100
|-item|p2a: Excadrill|Air Balloon
|turn|7
|
|move|p1a: Kommo-o|Flamethrower|p2a: Excadrill
|-supereffective|p2a: Excadrill
|-damage|p2a: Excadrill|0 fnt
|-enditem|p2a: Excadrill|Air Balloon
|faint|p2a: Excadrill
|
|upkeep
|
|switch|p2a: Snorlax|Snorlax, M|100/100
|turn|8
|
|move|p1a: Kommo-o|Clanging Scales|p2a: Snorlax
|-damage|p2a: Snorlax|58/100
|-unboost|p1a: Kommo-o|def|1
|move|p2a: Snorlax|Earthquake|p1a: Kommo-o
|-damage|p1a: Kommo-o|10/100
|
|upkeep
|turn|9
|
|move|p1a: Kommo-o|Clanging Scales|p2a: Snorlax
|-damage|p2a: Snorlax|15/100
|-enditem|p2a: Snorlax|Figy Berry|[eat]
|-heal|p2a: Snorlax|48/100|[from] item: Figy Berry
|-unboost|p1a: Kommo-o|def|1
|move|p2a: Snorlax|Earthquake|p1a: Kommo-o
|-damage|p1a: Kommo-o|0 fnt
|faint|p1a: Kommo-o
|
|upkeep
|
|switch|p1a: Aegislash|Aegislash, F|100/100
|-item|p1a: Aegislash|Air Balloon
|turn|10
|
|-formechange|p1a: Aegislash|Aegislash-Blade||[from] ability: Stance Change
|move|p1a: Aegislash|Close Combat|p2a: Snorlax
|-supereffective|p2a: Snorlax
|-damage|p2a: Snorlax|0 fnt
|-unboost|p1a: Aegislash|def|1
|-unboost|p1a: Aegislash|spd|1
|faint|p2a: Snorlax
|
|win|jaaaaaaaaaaaaj
|raw|jaaaaaaaaaaaaj's rating: 1041 → 1076(+35 for winning)
|raw|iwelfie's rating: 1047 → 1029(-18 for losing)
|l|☆jaaaaaaaaaaaaj
