|ScrapeTime|2020-01-02-13:14:49
|j|☆caagle
|j|☆Drainu
|player|p1|caagle|169|1472
|player|p2|Drainu|hiker-gen4|1424
|teamsize|p1|6
|teamsize|p2|6
|gametype|singles
|gen|8
|tier|[Gen 8] OU
|rated|
|rule|Sleep Clause Mod: Limit one foe put to sleep
|rule|Species Clause: Limit one of each Pokémon
|rule|OHKO Clause: OHKO moves are banned
|rule|Evasion Moves Clause: Evasion moves are banned
|rule|Endless Battle Clause: Forcing endless battles is banned
|rule|HP Percentage Mod: HP is shown in percentages
|clearpoke
|poke|p1|Pincurchin, F|
|poke|p1|Togekiss, F|
|poke|p1|Hawlucha, F|
|poke|p1|Excadrill, F|
|poke|p1|Dracozolt|
|poke|p1|Seismitoad, M|
|poke|p2|Toxapex, F|
|poke|p2|Toxtricity, M|
|poke|p2|Hydreigon, F|
|poke|p2|Corviknight, M|
|poke|p2|Clefable, F|
|poke|p2|Conkeldurr, M|
|rule|Dynamax Clause: You cannot dynamax
|teampreview
|
|start
|switch|p1a: Seismitoad|Seismitoad, M|100/100
|switch|p2a: Conkeldurr|Conkeldurr, M|100/100
|turn|1
|inactive|Battle timer is ON: inactive players will automatically lose when time's up. (requested by caagle)
|
|move|p1a: Seismitoad|Stealth Rock|p2a: Conkeldurr
|-sidestart|p2: Drainu|move: Stealth Rock
|move|p2a: Conkeldurr|Close Combat|p1a: Seismitoad
|-damage|p1a: Seismitoad|47/100
|-unboost|p2a: Conkeldurr|def|1
|-unboost|p2a: Conkeldurr|spd|1
|
|-heal|p1a: Seismitoad|53/100|[from] item: Leftovers
|-status|p2a: Conkeldurr|brn|[from] item: Flame Orb
|upkeep
|turn|2
|
|switch|p2a: Corviknight|Corviknight, M|100/100
|-damage|p2a: Corviknight|88/100|[from] Stealth Rock
|-ability|p2a: Corviknight|Pressure
|move|p1a: Seismitoad|Protect||[still]
|-fail|p1a: Seismitoad
|
|-heal|p2a: Corviknight|94/100|[from] item: Leftovers
|-heal|p1a: Seismitoad|59/100|[from] item: Leftovers
|upkeep
|turn|3
|
|switch|p1a: Dracozolt|Dracozolt|100/100
|move|p2a: Corviknight|Defog|p1a: Dracozolt
|-unboost|p1a: Dracozolt|evasion|1
|-sideend|p2: Drainu|Stealth Rock|[from] move: Defog|[of] p2a: Corviknight
|
|-heal|p2a: Corviknight|100/100|[from] item: Leftovers
|upkeep
|turn|4
|
|switch|p2a: Hydreigon|Hydreigon, F|100/100
|move|p1a: Dracozolt|Bolt Beak|p2a: Hydreigon
|-resisted|p2a: Hydreigon
|-damage|p2a: Hydreigon|41/100
|
|upkeep
|turn|5
|
|switch|p1a: Togekiss|Togekiss, F|100/100
|move|p2a: Hydreigon|Draco Meteor|p1a: Togekiss
|-immune|p1a: Togekiss
|
|upkeep
|turn|6
|
|switch|p2a: Riffex|Toxtricity, M|100/100
|move|p1a: Togekiss|Flamethrower|p2a: Riffex
|-damage|p2a: Riffex|50/100
|-status|p2a: Riffex|brn
|
|-damage|p2a: Riffex|44/100 brn|[from] brn
|upkeep
|turn|7
|
|move|p1a: Togekiss|Flamethrower|p2a: Riffex
|-damage|p2a: Riffex|0 fnt
|faint|p2a: Riffex
|
|upkeep
|
|switch|p2a: Toxapex|Toxapex, F|100/100
|turn|8
|
|switch|p1a: Seismitoad|Seismitoad, M|59/100
|switch|p2a: Conkeldurr|Conkeldurr, M|100/100 brn
|
|-heal|p1a: Seismitoad|65/100|[from] item: Leftovers
|-damage|p2a: Conkeldurr|94/100 brn|[from] brn
|upkeep
|turn|9
|
|move|p1a: Seismitoad|Stealth Rock|p2a: Conkeldurr
|-sidestart|p2: Drainu|move: Stealth Rock
|move|p2a: Conkeldurr|Close Combat|p1a: Seismitoad
|-damage|p1a: Seismitoad|0 fnt
|-unboost|p2a: Conkeldurr|def|1
|-unboost|p2a: Conkeldurr|spd|1
|faint|p1a: Seismitoad
|
|-damage|p2a: Conkeldurr|88/100 brn|[from] brn
|upkeep
|
|switch|p1a: Togekiss|Togekiss, F|100/100
|turn|10
|
|switch|p2a: Toxapex|Toxapex, F|100/100
|-damage|p2a: Toxapex|88/100|[from] Stealth Rock
|move|p1a: Togekiss|Air Slash|p2a: Toxapex
|-damage|p2a: Toxapex|58/100
|
|-heal|p2a: Toxapex|64/100|[from] item: Black Sludge
|upkeep
|turn|11
|
|switch|p2a: Corviknight|Corviknight, M|100/100
|-damage|p2a: Corviknight|88/100|[from] Stealth Rock
|-ability|p2a: Corviknight|Pressure
|move|p1a: Togekiss|Nasty Plot|p1a: Togekiss
|-boost|p1a: Togekiss|spa|2
|
|-heal|p2a: Corviknight|94/100|[from] item: Leftovers
|upkeep
|turn|12
|
|move|p1a: Togekiss|Flamethrower|p2a: Corviknight
|-supereffective|p2a: Corviknight
|-damage|p2a: Corviknight|0 fnt
|faint|p2a: Corviknight
|
|upkeep
|
|switch|p2a: Toxapex|Toxapex, F|98/100
|-damage|p2a: Toxapex|85/100|[from] Stealth Rock
|turn|13
|c|☆caagle|i love togekiss in this meta
|
|move|p1a: Togekiss|Air Slash|p2a: Toxapex
|-damage|p2a: Toxapex|25/100
|move|p2a: Toxapex|Haze|p2a: Toxapex
|-clearallboost
|
|-heal|p2a: Toxapex|32/100|[from] item: Black Sludge
|upkeep
|turn|14
|
|move|p1a: Togekiss|Air Slash|p2a: Toxapex
|-damage|p2a: Toxapex|0 fnt
|faint|p2a: Toxapex
|
|upkeep
|
|switch|p2a: Clefable|Clefable, F|100/100
|turn|15
|
|move|p1a: Togekiss|Nasty Plot|p1a: Togekiss
|-boost|p1a: Togekiss|spa|2
|move|p2a: Clefable|Thunder Wave|p1a: Togekiss
|-status|p1a: Togekiss|par
|
|upkeep
|turn|16
|
|move|p2a: Clefable|Moonblast|p1a: Togekiss
|-crit|p1a: Togekiss
|-damage|p1a: Togekiss|57/100 par
|-unboost|p1a: Togekiss|spa|1
|cant|p1a: Togekiss|par
|
|-heal|p1a: Togekiss|63/100 par|[from] item: Leftovers
|upkeep
|turn|17
|
|switch|p1a: Excadrill|Excadrill, F|100/100
|-ability|p1a: Excadrill|Mold Breaker
|-item|p1a: Excadrill|Air Balloon
|move|p2a: Clefable|Moonblast|p1a: Excadrill
|-resisted|p1a: Excadrill
|-damage|p1a: Excadrill|80/100
|-enditem|p1a: Excadrill|Air Balloon
|
|upkeep
|turn|18
|
|move|p1a: Excadrill|Iron Head|p2a: Clefable
|-supereffective|p2a: Clefable
|-damage|p2a: Clefable|4/100
|move|p2a: Clefable|Wish|p2a: Clefable
|
|-heal|p2a: Clefable|10/100|[from] item: Leftovers
|upkeep
|turn|19
|
|switch|p1a: Togekiss|Togekiss, F|63/100 par
|move|p2a: Clefable|Moonblast|p1a: Togekiss
|-damage|p1a: Togekiss|32/100 par
|
|-heal|p2a: Clefable|60/100|[from] move: Wish|[wisher] Clefable
|-heal|p2a: Clefable|66/100|[from] item: Leftovers
|-heal|p1a: Togekiss|38/100 par|[from] item: Leftovers
|upkeep
|turn|20
|
|switch|p2a: Conkeldurr|Conkeldurr, M|88/100 brn
|-damage|p2a: Conkeldurr|82/100 brn|[from] Stealth Rock
|switch|p1a: Excadrill|Excadrill, F|80/100
|-ability|p1a: Excadrill|Mold Breaker
|
|-damage|p2a: Conkeldurr|75/100 brn|[from] brn
|upkeep
|turn|21
|
|switch|p1a: Pincurchin|Pincurchin, F|100/100
|-fieldstart|move: Electric Terrain|[from] ability: Electric Surge|[of] p1a: Pincurchin
|move|p2a: Conkeldurr|Mach Punch|p1a: Pincurchin
|-damage|p1a: Pincurchin|60/100
|
|-heal|p1a: Pincurchin|66/100|[from] item: Leftovers
|-damage|p2a: Conkeldurr|69/100 brn|[from] brn
|upkeep
|turn|22
|
|move|p2a: Conkeldurr|Close Combat|p1a: Pincurchin
|-damage|p1a: Pincurchin|0 fnt
|-unboost|p2a: Conkeldurr|def|1
|-unboost|p2a: Conkeldurr|spd|1
|faint|p1a: Pincurchin
|
|-damage|p2a: Conkeldurr|63/100 brn|[from] brn
|upkeep
|
|switch|p1a: Hawlucha|Hawlucha, F|100/100
|-enditem|p1a: Hawlucha|Electric Seed
|-boost|p1a: Hawlucha|def|1
|turn|23
|
|move|p1a: Hawlucha|Swords Dance|p1a: Hawlucha
|-boost|p1a: Hawlucha|atk|2
|move|p2a: Conkeldurr|Poison Jab|p1a: Hawlucha
|-damage|p1a: Hawlucha|50/100
|
|-damage|p2a: Conkeldurr|57/100 brn|[from] brn
|upkeep
|turn|24
|
|move|p2a: Conkeldurr|Mach Punch|p1a: Hawlucha
|-resisted|p1a: Hawlucha
|-damage|p1a: Hawlucha|34/100
|move|p1a: Hawlucha|Roost|p1a: Hawlucha
|-heal|p1a: Hawlucha|84/100
|-singleturn|p1a: Hawlucha|move: Roost
|
|-damage|p2a: Conkeldurr|50/100 brn|[from] brn
|upkeep
|turn|25
|
|move|p1a: Hawlucha|Acrobatics|p2a: Conkeldurr
|-supereffective|p2a: Conkeldurr
|-damage|p2a: Conkeldurr|0 fnt
|faint|p2a: Conkeldurr
|
|-fieldend|move: Electric Terrain
|upkeep
|
|switch|p2a: Clefable|Clefable, F|66/100
|turn|26
|
|move|p1a: Hawlucha|Acrobatics|p2a: Clefable
|-damage|p2a: Clefable|0 fnt
|faint|p2a: Clefable
|
|upkeep
|
|switch|p2a: Hydreigon|Hydreigon, F|41/100
|-damage|p2a: Hydreigon|29/100|[from] Stealth Rock
|turn|27
|c|☆caagle|gg
|
|move|p1a: Hawlucha|Close Combat|p2a: Hydreigon
|-supereffective|p2a: Hydreigon
|-damage|p2a: Hydreigon|0 fnt
|-unboost|p1a: Hawlucha|def|1
|-unboost|p1a: Hawlucha|spd|1
|faint|p2a: Hydreigon
|
|win|caagle
|raw|caagle's rating: 1472 → 1490(+18 for winning)
|raw|Drainu's rating: 1424 → 1407(-17 for losing)
