|ScrapeTime|2020-01-01-23:25:16
|j|☆Benedict Juarez
|j|☆TSK32
|player|p1|Benedict Juarez|121|1152
|player|p2|TSK32|artist-gen4|1134
|teamsize|p1|6
|teamsize|p2|6
|gametype|singles
|gen|8
|tier|[Gen 8] OU
|rated|
|rule|Sleep Clause Mod: Limit one foe put to sleep
|rule|Species Clause: Limit one of each Pokémon
|rule|OHKO Clause: OHKO moves are banned
|rule|Evasion Moves Clause: Evasion moves are banned
|rule|Endless Battle Clause: Forcing endless battles is banned
|rule|HP Percentage Mod: HP is shown in percentages
|clearpoke
|poke|p1|Barraskewda, F|
|poke|p1|Pelipper, F|
|poke|p1|Ferrothorn, M|
|poke|p1|Excadrill, M|
|poke|p1|Dracovish|
|poke|p1|Conkeldurr, M|
|poke|p2|Corsola-Galar, F|
|poke|p2|Corviknight, M|
|poke|p2|Arctovish|
|poke|p2|Whimsicott, M|
|poke|p2|Boltund, F|
|poke|p2|Dragapult, F|
|rule|Dynamax Clause: You cannot dynamax
|teampreview
|j| SubSpooky
|c|☆TSK32|gl
|
|start
|switch|p1a: Excadrill|Excadrill, M|100/100
|switch|p2a: Corsola|Corsola-Galar, F|100/100
|-ability|p1a: Excadrill|Mold Breaker
|turn|1
|c|☆Benedict Juarez|gl!
|
|switch|p1a: Conkeldurr|Conkeldurr, M|100/100
|move|p2a: Corsola|Strength Sap|p1a: Conkeldurr
|-unboost|p1a: Conkeldurr|atk|1
|
|-status|p1a: Conkeldurr|brn|[from] item: Flame Orb
|upkeep
|turn|2
|
|move|p1a: Conkeldurr|Earthquake|p2a: Corsola
|-damage|p2a: Corsola|80/100
|-start|p1a: Conkeldurr|Disable|Earthquake|[from] ability: Cursed Body|[of] p2a: Corsola
|move|p2a: Corsola|Stealth Rock|p1a: Conkeldurr
|-sidestart|p1: Benedict Juarez|move: Stealth Rock
|
|-damage|p1a: Conkeldurr|94/100 brn|[from] brn
|upkeep
|turn|3
|
|switch|p1a: Pelipper|Pelipper, F|100/100
|-damage|p1a: Pelipper|75/100|[from] Stealth Rock
|-weather|RainDance|[from] ability: Drizzle|[of] p1a: Pelipper
|move|p2a: Corsola|Strength Sap|p1a: Pelipper
|-unboost|p1a: Pelipper|atk|1
|-heal|p2a: Corsola|100/100
|
|-weather|RainDance|[upkeep]
|upkeep
|turn|4
|
|move|p1a: Pelipper|Knock Off|p2a: Corsola
|-supereffective|p2a: Corsola
|-damage|p2a: Corsola|92/100
|-enditem|p2a: Corsola|Eviolite|[from] move: Knock Off|[of] p1a: Pelipper
|move|p2a: Corsola|Will-O-Wisp|p1a: Pelipper
|-status|p1a: Pelipper|brn
|
|-weather|RainDance|[upkeep]
|-damage|p1a: Pelipper|69/100 brn|[from] brn
|upkeep
|turn|5
|
|move|p1a: Pelipper|U-turn|p2a: Corsola
|-resisted|p2a: Corsola
|-damage|p2a: Corsola|92/100
|
|switch|p1a: Dracovish|Dracovish|100/100|[from]move: U-turn
|-damage|p1a: Dracovish|88/100|[from] Stealth Rock
|move|p2a: Corsola|Stealth Rock||[still]
|-fail|p2a: Corsola
|
|-weather|RainDance|[upkeep]
|upkeep
|turn|6
|
|move|p1a: Dracovish|Fishious Rend|p2a: Corsola
|-damage|p2a: Corsola|0 fnt
|faint|p2a: Corsola
|
|-weather|RainDance|[upkeep]
|upkeep
|
|switch|p2a: Arctovish|Arctovish|100/100
|turn|7
|
|switch|p1a: Ferrothorn|Ferrothorn, M|100/100
|-damage|p1a: Ferrothorn|94/100|[from] Stealth Rock
|move|p2a: Arctovish|Freeze-Dry|p1a: Ferrothorn
|-damage|p1a: Ferrothorn|77/100
|
|-weather|RainDance|[upkeep]
|-heal|p1a: Ferrothorn|83/100|[from] item: Leftovers
|upkeep
|turn|8
|
|switch|p2a: Boltund|Boltund, F|100/100
|move|p1a: Ferrothorn|Knock Off|p2a: Boltund
|-damage|p2a: Boltund|59/100
|-enditem|p2a: Boltund|Shuca Berry|[from] move: Knock Off|[of] p1a: Ferrothorn
|
|-weather|RainDance|[upkeep]
|-heal|p1a: Ferrothorn|89/100|[from] item: Leftovers
|upkeep
|turn|9
|
|switch|p1a: Barraskewda|Barraskewda, F|100/100
|-damage|p1a: Barraskewda|88/100|[from] Stealth Rock
|move|p2a: Boltund|Bulk Up|p2a: Boltund
|-boost|p2a: Boltund|atk|1
|-boost|p2a: Boltund|def|1
|
|-weather|RainDance|[upkeep]
|upkeep
|turn|10
|
|move|p1a: Barraskewda|Liquidation|p2a: Boltund
|-damage|p2a: Boltund|0 fnt
|faint|p2a: Boltund
|
|-weather|none
|upkeep
|
|switch|p2a: Arctovish|Arctovish|100/100
|turn|11
|
|switch|p1a: Pelipper|Pelipper, F|69/100 brn
|-damage|p1a: Pelipper|44/100 brn|[from] Stealth Rock
|-weather|RainDance|[from] ability: Drizzle|[of] p1a: Pelipper
|move|p2a: Arctovish|Freeze-Dry|p1a: Pelipper
|-supereffective|p1a: Pelipper
|-damage|p1a: Pelipper|0 fnt
|faint|p1a: Pelipper
|
|-weather|RainDance|[upkeep]
|upkeep
|
|switch|p1a: Excadrill|Excadrill, M|100/100
|-damage|p1a: Excadrill|97/100|[from] Stealth Rock
|-ability|p1a: Excadrill|Mold Breaker
|turn|12
|
|move|p2a: Arctovish|Protect|p2a: Arctovish
|-singleturn|p2a: Arctovish|Protect
|move|p1a: Excadrill|Rapid Spin|p2a: Arctovish
|-activate|p2a: Arctovish|move: Protect
|
|-weather|RainDance|[upkeep]
|upkeep
|turn|13
|
|move|p1a: Excadrill|Rapid Spin|p2a: Arctovish
|-damage|p2a: Arctovish|86/100
|-sideend|p1: Benedict Juarez|Stealth Rock|[from] move: Rapid Spin|[of] p1a: Excadrill
|-boost|p1a: Excadrill|spe|1
|move|p2a: Arctovish|Fishious Rend|p1a: Excadrill
|-supereffective|p1a: Excadrill
|-damage|p1a: Excadrill|0 fnt
|faint|p1a: Excadrill
|
|-weather|RainDance|[upkeep]
|-heal|p2a: Arctovish|92/100|[from] item: Leftovers
|upkeep
|
|switch|p1a: Conkeldurr|Conkeldurr, M|94/100 brn
|turn|14
|
|switch|p2a: Dragapult|Dragapult, F|100/100
|move|p1a: Conkeldurr|Drain Punch|p2a: Dragapult
|-immune|p2a: Dragapult
|
|-weather|RainDance|[upkeep]
|-damage|p1a: Conkeldurr|88/100 brn|[from] brn
|upkeep
|turn|15
|
|move|p2a: Dragapult|Shadow Ball|p1a: Conkeldurr
|-damage|p1a: Conkeldurr|25/100 brn
|move|p1a: Conkeldurr|Ice Punch|p2a: Dragapult
|-supereffective|p2a: Dragapult
|-damage|p2a: Dragapult|0 fnt
|faint|p2a: Dragapult
|
|-weather|RainDance|[upkeep]
|-damage|p1a: Conkeldurr|19/100 brn|[from] brn
|upkeep
|
|switch|p2a: Whimsicott|Whimsicott, M|100/100
|turn|16
|
|switch|p1a: Ferrothorn|Ferrothorn, M|89/100
|move|p2a: Whimsicott|Moonblast|p1a: Ferrothorn
|-resisted|p1a: Ferrothorn
|-damage|p1a: Ferrothorn|74/100
|-unboost|p1a: Ferrothorn|spa|1
|
|-weather|RainDance|[upkeep]
|-heal|p1a: Ferrothorn|80/100|[from] item: Leftovers
|upkeep
|turn|17
|
|switch|p2a: Corviknight|Corviknight, M|100/100
|-ability|p2a: Corviknight|Pressure
|move|p1a: Ferrothorn|Spikes|p2a: Corviknight
|-sidestart|p2: TSK32|Spikes
|
|-weather|RainDance|[upkeep]
|-heal|p1a: Ferrothorn|86/100|[from] item: Leftovers
|upkeep
|turn|18
|
|move|p2a: Corviknight|Defog|p1a: Ferrothorn
|-unboost|p1a: Ferrothorn|evasion|1
|-sideend|p2: TSK32|Spikes|[from] move: Defog|[of] p2a: Corviknight
|move|p1a: Ferrothorn|Leech Seed|p2a: Corviknight
|-start|p2a: Corviknight|move: Leech Seed
|
|-weather|none
|-heal|p1a: Ferrothorn|92/100|[from] item: Leftovers
|-damage|p2a: Corviknight|88/100|[from] Leech Seed|[of] p1a: Ferrothorn
|-heal|p1a: Ferrothorn|100/100|[silent]
|upkeep
|turn|19
|
|switch|p1a: Conkeldurr|Conkeldurr, M|19/100 brn
|move|p2a: Corviknight|Defog|p1a: Conkeldurr
|-unboost|p1a: Conkeldurr|evasion|1
|
|-heal|p2a: Corviknight|94/100|[from] item: Leftovers
|-damage|p2a: Corviknight|82/100|[from] Leech Seed|[of] p1a: Conkeldurr
|-heal|p1a: Conkeldurr|31/100 brn|[silent]
|-damage|p1a: Conkeldurr|25/100 brn|[from] brn
|upkeep
|turn|20
|
|move|p2a: Corviknight|Brave Bird|p1a: Conkeldurr
|-supereffective|p1a: Conkeldurr
|-damage|p1a: Conkeldurr|0 fnt
|-damage|p2a: Corviknight|73/100|[from] Recoil
|faint|p1a: Conkeldurr
|
|-heal|p2a: Corviknight|79/100|[from] item: Leftovers
|upkeep
|
|switch|p1a: Dracovish|Dracovish|88/100
|turn|21
|
|move|p1a: Dracovish|Fishious Rend|p2a: Corviknight
|-damage|p2a: Corviknight|6/100
|move|p2a: Corviknight|Roost|p2a: Corviknight
|-heal|p2a: Corviknight|56/100
|-singleturn|p2a: Corviknight|move: Roost
|
|-heal|p2a: Corviknight|62/100|[from] item: Leftovers
|-damage|p2a: Corviknight|49/100|[from] Leech Seed|[of] p1a: Dracovish
|-heal|p1a: Dracovish|100/100|[silent]
|upkeep
|turn|22
|
|switch|p2a: Arctovish|Arctovish|92/100
|move|p1a: Dracovish|Fishious Rend|p2a: Arctovish
|-heal|p2a: Arctovish|100/100|[from] ability: Water Absorb|[of] p1a: Dracovish
|
|upkeep
|turn|23
|
|switch|p1a: Ferrothorn|Ferrothorn, M|100/100
|move|p2a: Arctovish|Freeze-Dry|p1a: Ferrothorn
|-damage|p1a: Ferrothorn|83/100
|-status|p1a: Ferrothorn|frz
|
|-heal|p1a: Ferrothorn|90/100 frz|[from] item: Leftovers
|upkeep
|turn|24
|
|switch|p2a: Corviknight|Corviknight, M|49/100
|-ability|p2a: Corviknight|Pressure
|-curestatus|p1a: Ferrothorn|frz|[msg]
|move|p1a: Ferrothorn|Leech Seed|p2a: Corviknight
|-start|p2a: Corviknight|move: Leech Seed
|
|-heal|p2a: Corviknight|56/100|[from] item: Leftovers
|-heal|p1a: Ferrothorn|96/100|[from] item: Leftovers
|-damage|p2a: Corviknight|43/100|[from] Leech Seed|[of] p1a: Ferrothorn
|-heal|p1a: Ferrothorn|100/100|[silent]
|upkeep
|turn|25
|
|move|p2a: Corviknight|Roost|p2a: Corviknight
|-heal|p2a: Corviknight|93/100
|-singleturn|p2a: Corviknight|move: Roost
|move|p1a: Ferrothorn|Knock Off|p2a: Corviknight
|-damage|p2a: Corviknight|77/100
|-enditem|p2a: Corviknight|Leftovers|[from] move: Knock Off|[of] p1a: Ferrothorn
|
|-damage|p2a: Corviknight|65/100|[from] Leech Seed|[of] p1a: Ferrothorn
|upkeep
|turn|26
|
|switch|p1a: Barraskewda|Barraskewda, F|88/100
|move|p2a: Corviknight|Roost|p2a: Corviknight
|-heal|p2a: Corviknight|100/100
|-singleturn|p2a: Corviknight|move: Roost
|
|-damage|p2a: Corviknight|88/100|[from] Leech Seed|[of] p1a: Barraskewda
|-heal|p1a: Barraskewda|100/100|[silent]
|upkeep
|turn|27
|
|move|p1a: Barraskewda|Close Combat|p2a: Corviknight
|-damage|p2a: Corviknight|40/100
|-unboost|p1a: Barraskewda|def|1
|-unboost|p1a: Barraskewda|spd|1
|move|p2a: Corviknight|Roost|p2a: Corviknight
|-heal|p2a: Corviknight|90/100
|-singleturn|p2a: Corviknight|move: Roost
|
|-damage|p2a: Corviknight|77/100|[from] Leech Seed|[of] p1a: Barraskewda
|upkeep
|turn|28
|
|switch|p1a: Dracovish|Dracovish|100/100
|switch|p2a: Whimsicott|Whimsicott, M|100/100
|
|upkeep
|turn|29
|
|move|p2a: Whimsicott|Substitute|p2a: Whimsicott
|-start|p2a: Whimsicott|Substitute
|-damage|p2a: Whimsicott|76/100
|move|p1a: Dracovish|Psychic Fangs|p2a: Whimsicott
|-end|p2a: Whimsicott|Substitute
|
|upkeep
|turn|30
|
|move|p1a: Dracovish|Psychic Fangs|p2a: Whimsicott
|-damage|p2a: Whimsicott|19/100
|-enditem|p2a: Whimsicott|Iapapa Berry|[eat]
|-heal|p2a: Whimsicott|52/100|[from] item: Iapapa Berry
|move|p2a: Whimsicott|Moonblast|p1a: Dracovish
|-supereffective|p1a: Dracovish
|-damage|p1a: Dracovish|5/100
|
|upkeep
|turn|31
|
|switch|p2a: Corviknight|Corviknight, M|77/100
|-ability|p2a: Corviknight|Pressure
|move|p1a: Dracovish|Psychic Fangs|p2a: Corviknight
|-resisted|p2a: Corviknight
|-damage|p2a: Corviknight|64/100
|
|upkeep
|turn|32
|
|switch|p1a: Ferrothorn|Ferrothorn, M|100/100
|move|p2a: Corviknight|Roost|p2a: Corviknight
|-heal|p2a: Corviknight|100/100
|-singleturn|p2a: Corviknight|move: Roost
|
|upkeep
|turn|33
|
|switch|p2a: Whimsicott|Whimsicott, M|52/100
|move|p1a: Ferrothorn|Leech Seed|p2a: Whimsicott
|-immune|p2a: Whimsicott
|
|upkeep
|turn|34
|
|move|p2a: Whimsicott|Encore|p1a: Ferrothorn
|-start|p1a: Ferrothorn|Encore
|move|p1a: Ferrothorn|Leech Seed|p2a: Whimsicott
|-immune|p2a: Whimsicott
|
|upkeep
|turn|35
|-message|Benedict Juarez forfeited.
|
|win|TSK32
|l|☆Benedict Juarez
|raw|Benedict Juarez's rating: 1152 → 1127(-25 for losing)
|raw|TSK32's rating: 1160 → 1185(+25 for winning)
