|ScrapeTime|2020-01-01-18:24:31
|j|☆Ctrl G-Max
|j|☆wam44
|player|p1|Ctrl G-Max|188|1363
|player|p2|wam44|281|1292
|teamsize|p1|6
|teamsize|p2|6
|gametype|singles
|gen|8
|tier|[Gen 8] OU
|rated|
|rule|Sleep Clause Mod: Limit one foe put to sleep
|rule|Species Clause: Limit one of each Pokémon
|rule|OHKO Clause: OHKO moves are banned
|rule|Evasion Moves Clause: Evasion moves are banned
|rule|Endless Battle Clause: Forcing endless battles is banned
|rule|HP Percentage Mod: HP is shown in percentages
|clearpoke
|poke|p1|Vanilluxe, M|
|poke|p1|Dragapult, M|
|poke|p1|Rotom-Heat|
|poke|p1|Lucario, M|
|poke|p1|Weezing-Galar, F|
|poke|p1|Seismitoad, F|
|poke|p2|Ferrothorn, F|
|poke|p2|Dragapult, M|
|poke|p2|Crawdaunt, M|
|poke|p2|Rotom-Heat|
|poke|p2|Clefable, F|
|poke|p2|Excadrill, F|
|rule|Dynamax Clause: You cannot dynamax
|teampreview
|inactive|Battle timer is ON: inactive players will automatically lose when time's up. (requested by Ctrl G-Max)
|
|start
|switch|p1a: Weezing|Weezing-Galar, F|100/100
|switch|p2a: Charognards|Crawdaunt, M|100/100
|turn|1
|
|move|p2a: Charognards|Knock Off|p1a: Weezing
|-resisted|p1a: Weezing
|-damage|p1a: Weezing|72/100
|-enditem|p1a: Weezing|Black Sludge|[from] move: Knock Off|[of] p2a: Charognards
|move|p1a: Weezing|Will-O-Wisp|p2a: Charognards
|-status|p2a: Charognards|brn
|
|-damage|p2a: Charognards|95/100 brn|[from] brn
|upkeep
|turn|2
|
|switch|p2a: Hexagone|Rotom-Heat|100/100
|move|p1a: Weezing|Strange Steam|p2a: Hexagone
|-resisted|p2a: Hexagone
|-damage|p2a: Hexagone|81/100
|
|-heal|p2a: Hexagone|88/100|[from] item: Leftovers
|upkeep
|turn|3
|
|switch|p1a: Seismitoad|Seismitoad, F|100/100
|move|p2a: Hexagone|Volt Switch|p1a: Seismitoad
|-immune|p1a: Seismitoad
|
|-heal|p2a: Hexagone|94/100|[from] item: Leftovers
|upkeep
|turn|4
|
|switch|p2a: Mistral Gagnant|Ferrothorn, F|100/100
|move|p1a: Seismitoad|Toxic|p2a: Mistral Gagnant
|-immune|p2a: Mistral Gagnant
|
|upkeep
|turn|5
|
|switch|p1a: Rotom|Rotom-Heat|100/100
|move|p2a: Mistral Gagnant|Stealth Rock|p1a: Rotom
|-sidestart|p1: Ctrl G-Max|move: Stealth Rock
|
|upkeep
|turn|6
|inactive|wam44 has 120 seconds left.
|
|switch|p2a: Charognards|Crawdaunt, M|95/100 brn
|move|p1a: Rotom|Nasty Plot|p1a: Rotom
|-boost|p1a: Rotom|spa|2
|
|-damage|p2a: Charognards|89/100 brn|[from] brn
|upkeep
|turn|7
|
|move|p2a: Charognards|Aqua Jet|p1a: Rotom
|-supereffective|p1a: Rotom
|-damage|p1a: Rotom|73/100
|move|p1a: Rotom|Volt Switch|p2a: Charognards
|-supereffective|p2a: Charognards
|-damage|p2a: Charognards|0 fnt
|faint|p2a: Charognards
|
|switch|p1a: Seismitoad|Seismitoad, F|100/100|[from]move: Volt Switch
|-damage|p1a: Seismitoad|94/100|[from] Stealth Rock
|
|-heal|p1a: Seismitoad|100/100|[from] item: Leftovers
|upkeep
|
|switch|p2a: Mistral Gagnant|Ferrothorn, F|100/100
|turn|8
|
|switch|p1a: Rotom|Rotom-Heat|73/100
|move|p2a: Mistral Gagnant|Leech Seed|p1a: Rotom|[miss]
|-miss|p2a: Mistral Gagnant|p1a: Rotom
|
|upkeep
|turn|9
|
|switch|p2a: En Cloque|Clefable, F|100/100
|move|p1a: Rotom|Nasty Plot|p1a: Rotom
|-boost|p1a: Rotom|spa|2
|
|upkeep
|turn|10
|
|move|p1a: Rotom|Overheat|p2a: En Cloque|[miss]
|-miss|p1a: Rotom|p2a: En Cloque
|move|p2a: En Cloque|Moonblast|p1a: Rotom
|-resisted|p1a: Rotom
|-damage|p1a: Rotom|44/100
|
|upkeep
|turn|11
|
|move|p1a: Rotom|Nasty Plot|p1a: Rotom
|-boost|p1a: Rotom|spa|2
|move|p2a: En Cloque|Moonblast|p1a: Rotom
|-resisted|p1a: Rotom
|-damage|p1a: Rotom|15/100
|
|upkeep
|turn|12
|
|move|p1a: Rotom|Shadow Ball|p2a: En Cloque
|-damage|p2a: En Cloque|48/100
|-unboost|p2a: En Cloque|spd|1
|move|p2a: En Cloque|Moonblast|p1a: Rotom
|-resisted|p1a: Rotom
|-damage|p1a: Rotom|0 fnt
|faint|p1a: Rotom
|
|upkeep
|
|switch|p1a: Weezing|Weezing-Galar, F|72/100
|-damage|p1a: Weezing|60/100|[from] Stealth Rock
|turn|13
|
|switch|p2a: Mistral Gagnant|Ferrothorn, F|100/100
|move|p1a: Weezing|Defog|p2a: Mistral Gagnant
|-unboost|p2a: Mistral Gagnant|evasion|1
|-sideend|p1: Ctrl G-Max|Stealth Rock|[from] move: Defog|[of] p1a: Weezing
|
|upkeep
|turn|14
|
|move|p1a: Weezing|Will-O-Wisp|p2a: Mistral Gagnant
|-status|p2a: Mistral Gagnant|brn
|move|p2a: Mistral Gagnant|Leech Seed|p1a: Weezing
|-start|p1a: Weezing|move: Leech Seed
|
|-damage|p1a: Weezing|48/100|[from] Leech Seed|[of] p2a: Mistral Gagnant
|-damage|p2a: Mistral Gagnant|94/100 brn|[from] brn
|upkeep
|turn|15
|
|switch|p1a: Lucario|Lucario, M|100/100
|move|p2a: Mistral Gagnant|Stealth Rock|p1a: Lucario
|-sidestart|p1: Ctrl G-Max|move: Stealth Rock
|
|-heal|p2a: Mistral Gagnant|100/100 brn|[from] item: Leftovers
|-damage|p2a: Mistral Gagnant|94/100 brn|[from] brn
|upkeep
|turn|16
|
|switch|p2a: Hexagone|Rotom-Heat|94/100
|move|p1a: Lucario|Aura Sphere|p2a: Hexagone
|-damage|p2a: Hexagone|15/100
|
|-heal|p2a: Hexagone|22/100|[from] item: Leftovers
|upkeep
|turn|17
|
|move|p1a: Lucario|Aura Sphere|p2a: Hexagone
|-damage|p2a: Hexagone|0 fnt
|faint|p2a: Hexagone
|
|upkeep
|
|switch|p2a: 500Conn**d|Dragapult, M|100/100
|turn|18
|
|switch|p1a: Seismitoad|Seismitoad, F|100/100
|-damage|p1a: Seismitoad|94/100|[from] Stealth Rock
|move|p2a: 500Conn**d|Shadow Ball|p1a: Seismitoad
|-damage|p1a: Seismitoad|65/100
|-unboost|p1a: Seismitoad|spd|1
|
|-heal|p1a: Seismitoad|71/100|[from] item: Leftovers
|upkeep
|turn|19
|
|switch|p2a: Mistral Gagnant|Ferrothorn, F|94/100 brn
|move|p1a: Seismitoad|Earth Power|p2a: Mistral Gagnant
|-damage|p2a: Mistral Gagnant|71/100 brn
|
|-heal|p1a: Seismitoad|77/100|[from] item: Leftovers
|-heal|p2a: Mistral Gagnant|77/100 brn|[from] item: Leftovers
|-damage|p2a: Mistral Gagnant|71/100 brn|[from] brn
|upkeep
|turn|20
|
|switch|p1a: Weezing|Weezing-Galar, F|48/100
|-damage|p1a: Weezing|35/100|[from] Stealth Rock
|move|p2a: Mistral Gagnant|Leech Seed|p1a: Weezing
|-start|p1a: Weezing|move: Leech Seed
|
|-heal|p2a: Mistral Gagnant|77/100 brn|[from] item: Leftovers
|-damage|p1a: Weezing|23/100|[from] Leech Seed|[of] p2a: Mistral Gagnant
|-heal|p2a: Mistral Gagnant|89/100 brn|[silent]
|-damage|p2a: Mistral Gagnant|83/100 brn|[from] brn
|upkeep
|turn|21
|
|move|p1a: Weezing|Defog|p2a: Mistral Gagnant
|-unboost|p2a: Mistral Gagnant|evasion|1
|-sideend|p1: Ctrl G-Max|Stealth Rock|[from] move: Defog|[of] p1a: Weezing
|move|p2a: Mistral Gagnant|Spikes|p1a: Weezing
|-sidestart|p1: Ctrl G-Max|Spikes
|
|-heal|p2a: Mistral Gagnant|89/100 brn|[from] item: Leftovers
|-damage|p1a: Weezing|11/100|[from] Leech Seed|[of] p2a: Mistral Gagnant
|-heal|p2a: Mistral Gagnant|100/100 brn|[silent]
|-damage|p2a: Mistral Gagnant|94/100 brn|[from] brn
|upkeep
|turn|22
|
|switch|p1a: Lucario|Lucario, M|100/100
|-damage|p1a: Lucario|88/100|[from] Spikes
|move|p2a: Mistral Gagnant|Stealth Rock|p1a: Lucario
|-sidestart|p1: Ctrl G-Max|move: Stealth Rock
|
|-heal|p2a: Mistral Gagnant|100/100 brn|[from] item: Leftovers
|-damage|p2a: Mistral Gagnant|94/100 brn|[from] brn
|upkeep
|turn|23
|
|switch|p2a: Excadrill|Excadrill, F|100/100
|-ability|p2a: Excadrill|Mold Breaker
|move|p1a: Lucario|Aura Sphere|p2a: Excadrill
|-supereffective|p2a: Excadrill
|-damage|p2a: Excadrill|0 fnt
|faint|p2a: Excadrill
|
|upkeep
|
|switch|p2a: 500Conn**d|Dragapult, M|100/100
|turn|24
|
|switch|p1a: Weezing|Weezing-Galar, F|11/100
|-damage|p1a: Weezing|0 fnt|[from] Stealth Rock
|faint|p1a: Weezing
|move|p2a: 500Conn**d|Fire Blast|p1: Weezing|[notarget]
|-fail|p2a: 500Conn**d
|
|upkeep
|
|switch|p1a: Vanilluxe|Vanilluxe, M|100/100
|-damage|p1a: Vanilluxe|76/100|[from] Stealth Rock
|-damage|p1a: Vanilluxe|63/100|[from] Spikes
|-weather|Hail|[from] ability: Snow Warning|[of] p1a: Vanilluxe
|turn|25
|
|move|p2a: 500Conn**d|Fire Blast|p1a: Vanilluxe
|-supereffective|p1a: Vanilluxe
|-damage|p1a: Vanilluxe|2/100
|move|p1a: Vanilluxe|Blizzard|p2a: 500Conn**d
|-supereffective|p2a: 500Conn**d
|-damage|p2a: 500Conn**d|0 fnt
|faint|p2a: 500Conn**d
|
|-weather|Hail|[upkeep]
|upkeep
|
|switch|p2a: Mistral Gagnant|Ferrothorn, F|94/100 brn
|turn|26
|
|move|p1a: Vanilluxe|Blizzard|p2a: Mistral Gagnant
|-damage|p2a: Mistral Gagnant|51/100 brn
|move|p2a: Mistral Gagnant|Leech Seed|p1a: Vanilluxe
|-start|p1a: Vanilluxe|move: Leech Seed
|
|-weather|Hail|[upkeep]
|-damage|p2a: Mistral Gagnant|45/100 brn|[from] Hail
|-heal|p2a: Mistral Gagnant|51/100 brn|[from] item: Leftovers
|-damage|p1a: Vanilluxe|0 fnt|[from] Leech Seed|[of] p2a: Mistral Gagnant
|-heal|p2a: Mistral Gagnant|52/100 brn|[silent]
|faint|p1a: Vanilluxe
|-damage|p2a: Mistral Gagnant|46/100 brn|[from] brn
|upkeep
|
|switch|p1a: Dragapult|Dragapult, M|100/100
|-damage|p1a: Dragapult|88/100|[from] Stealth Rock
|-damage|p1a: Dragapult|76/100|[from] Spikes
|turn|27
|
|move|p1a: Dragapult|Substitute|p1a: Dragapult
|-start|p1a: Dragapult|Substitute
|-damage|p1a: Dragapult|51/100
|move|p2a: Mistral Gagnant|Leech Seed||[still]
|-fail|p2a: Mistral Gagnant
|
|-weather|Hail|[upkeep]
|-damage|p1a: Dragapult|45/100|[from] Hail
|-damage|p2a: Mistral Gagnant|40/100 brn|[from] Hail
|-heal|p1a: Dragapult|51/100|[from] item: Leftovers
|-heal|p2a: Mistral Gagnant|46/100 brn|[from] item: Leftovers
|-damage|p2a: Mistral Gagnant|40/100 brn|[from] brn
|upkeep
|turn|28
|-message|wam44 forfeited.
|
|win|Ctrl G-Max
|l|☆wam44
