|ScrapeTime|2020-01-01-18:45:27
|j|☆jyckering
|j|☆Oruakuma
|player|p1|jyckering|skier|1443
|player|p2|Oruakuma|hilda-dueldisk|1428
|teamsize|p1|6
|teamsize|p2|6
|gametype|singles
|gen|8
|tier|[Gen 8] OU
|rated|
|rule|Sleep Clause Mod: Limit one foe put to sleep
|rule|Species Clause: Limit one of each Pokémon
|rule|OHKO Clause: OHKO moves are banned
|rule|Evasion Moves Clause: Evasion moves are banned
|rule|Endless Battle Clause: Forcing endless battles is banned
|rule|HP Percentage Mod: HP is shown in percentages
|clearpoke
|poke|p1|Tyranitar, M|
|poke|p1|Excadrill, F|
|poke|p1|Dragapult, F|
|poke|p1|Seismitoad, M|
|poke|p1|Corviknight, M|
|poke|p1|Rotom-Heat|
|poke|p2|Aegislash, M|
|poke|p2|Tyranitar, M|
|poke|p2|Ferrothorn, M|
|poke|p2|Hydreigon, F|
|poke|p2|Dracovish|
|poke|p2|Rotom-Heat|
|rule|Dynamax Clause: You cannot dynamax
|teampreview
|c|☆Oruakuma|hf
|c|☆jyckering|yeah
|
|start
|switch|p1a: Corviknight|Corviknight, M|100/100
|switch|p2a: Rotom|Rotom-Heat|100/100
|-ability|p1a: Corviknight|Pressure
|turn|1
|
|move|p2a: Rotom|Will-O-Wisp|p1a: Corviknight
|-status|p1a: Corviknight|brn
|move|p1a: Corviknight|U-turn|p2a: Rotom
|-resisted|p2a: Rotom
|-damage|p2a: Rotom|96/100
|
|switch|p1a: Seismitoad|Seismitoad, M|100/100|[from]move: U-turn
|
|upkeep
|turn|2
|
|switch|p2a: Ferrothorn|Ferrothorn, M|100/100
|move|p1a: Seismitoad|Scald|p2a: Ferrothorn
|-resisted|p2a: Ferrothorn
|-damage|p2a: Ferrothorn|90/100
|
|-heal|p2a: Ferrothorn|97/100|[from] item: Leftovers
|upkeep
|turn|3
|
|switch|p1a: Dragapult|Dragapult, F|100/100
|move|p2a: Ferrothorn|Knock Off|p1a: Dragapult
|-supereffective|p1a: Dragapult
|-damage|p1a: Dragapult|47/100
|-enditem|p1a: Dragapult|Choice Specs|[from] move: Knock Off|[of] p2a: Ferrothorn
|
|-heal|p2a: Ferrothorn|100/100|[from] item: Leftovers
|upkeep
|turn|4
|
|switch|p2a: Tyranitar|Tyranitar, M|100/100
|-weather|Sandstorm|[from] ability: Sand Stream|[of] p2a: Tyranitar
|move|p1a: Dragapult|Fire Blast|p2a: Tyranitar
|-resisted|p2a: Tyranitar
|-damage|p2a: Tyranitar|92/100
|
|-weather|Sandstorm|[upkeep]
|-damage|p1a: Dragapult|41/100|[from] Sandstorm
|-heal|p2a: Tyranitar|98/100|[from] item: Leftovers
|upkeep
|turn|5
|
|move|p1a: Dragapult|U-turn|p2a: Tyranitar
|-supereffective|p2a: Tyranitar
|-damage|p2a: Tyranitar|74/100
|
|switch|p1a: Seismitoad|Seismitoad, M|100/100|[from]move: U-turn
|move|p2a: Tyranitar|Stealth Rock|p1a: Seismitoad
|-sidestart|p1: jyckering|move: Stealth Rock
|
|-weather|Sandstorm|[upkeep]
|-heal|p2a: Tyranitar|80/100|[from] item: Leftovers
|upkeep
|turn|6
|
|switch|p2a: Ferrothorn|Ferrothorn, M|100/100
|move|p1a: Seismitoad|Earthquake|p2a: Ferrothorn
|-damage|p2a: Ferrothorn|81/100
|
|-weather|Sandstorm|[upkeep]
|-heal|p2a: Ferrothorn|87/100|[from] item: Leftovers
|upkeep
|turn|7
|
|move|p1a: Seismitoad|Stealth Rock|p2a: Ferrothorn
|-sidestart|p2: Oruakuma|move: Stealth Rock
|move|p2a: Ferrothorn|Spikes|p1a: Seismitoad
|-sidestart|p1: jyckering|Spikes
|
|-weather|Sandstorm|[upkeep]
|-heal|p2a: Ferrothorn|93/100|[from] item: Leftovers
|upkeep
|turn|8
|
|switch|p1a: Corviknight|Corviknight, M|100/100 brn
|-damage|p1a: Corviknight|88/100 brn|[from] Stealth Rock
|-ability|p1a: Corviknight|Pressure
|move|p2a: Ferrothorn|Knock Off|p1a: Corviknight
|-damage|p1a: Corviknight|74/100 brn
|-enditem|p1a: Corviknight|Leftovers|[from] move: Knock Off|[of] p2a: Ferrothorn
|
|-weather|none
|-heal|p2a: Ferrothorn|99/100|[from] item: Leftovers
|-damage|p1a: Corviknight|68/100 brn|[from] brn
|upkeep
|turn|9
|
|move|p1a: Corviknight|Defog|p2a: Ferrothorn
|-unboost|p2a: Ferrothorn|evasion|1
|-sideend|p2: Oruakuma|Stealth Rock|[from] move: Defog|[of] p1a: Corviknight
|-sideend|p1: jyckering|Spikes|[from] move: Defog|[of] p1a: Corviknight
|-sideend|p1: jyckering|Stealth Rock|[from] move: Defog|[of] p1a: Corviknight
|move|p2a: Ferrothorn|Spikes|p1a: Corviknight
|-sidestart|p1: jyckering|Spikes
|
|-heal|p2a: Ferrothorn|100/100|[from] item: Leftovers
|-damage|p1a: Corviknight|62/100 brn|[from] brn
|upkeep
|turn|10
|
|move|p1a: Corviknight|Defog|p2a: Ferrothorn
|-unboost|p2a: Ferrothorn|evasion|1
|-sideend|p1: jyckering|Spikes|[from] move: Defog|[of] p1a: Corviknight
|move|p2a: Ferrothorn|Spikes|p1a: Corviknight
|-sidestart|p1: jyckering|Spikes
|
|-damage|p1a: Corviknight|56/100 brn|[from] brn
|upkeep
|turn|11
|
|move|p1a: Corviknight|Defog|p2a: Ferrothorn
|-unboost|p2a: Ferrothorn|evasion|1
|-sideend|p1: jyckering|Spikes|[from] move: Defog|[of] p1a: Corviknight
|move|p2a: Ferrothorn|Spikes|p1a: Corviknight
|-sidestart|p1: jyckering|Spikes
|
|-damage|p1a: Corviknight|49/100 brn|[from] brn
|upkeep
|turn|12
|
|move|p1a: Corviknight|Roost|p1a: Corviknight
|-heal|p1a: Corviknight|99/100 brn
|-singleturn|p1a: Corviknight|move: Roost
|move|p2a: Ferrothorn|Spikes|p1a: Corviknight
|-sidestart|p1: jyckering|Spikes
|
|-damage|p1a: Corviknight|93/100 brn|[from] brn
|upkeep
|turn|13
|
|switch|p2a: Rotom|Rotom-Heat|96/100
|move|p1a: Corviknight|Defog|p2a: Rotom
|-unboost|p2a: Rotom|evasion|1
|-sideend|p1: jyckering|Spikes|[from] move: Defog|[of] p1a: Corviknight
|
|-damage|p1a: Corviknight|87/100 brn|[from] brn
|upkeep
|turn|14
|
|switch|p1a: Seismitoad|Seismitoad, M|100/100
|move|p2a: Rotom|Overheat|p1a: Seismitoad
|-resisted|p1a: Seismitoad
|-damage|p1a: Seismitoad|68/100
|-unboost|p2a: Rotom|spa|2
|
|-heal|p1a: Seismitoad|74/100|[from] item: Leftovers
|upkeep
|turn|15
|
|switch|p2a: Ferrothorn|Ferrothorn, M|100/100
|move|p1a: Seismitoad|Stealth Rock|p2a: Ferrothorn
|-sidestart|p2: Oruakuma|move: Stealth Rock
|
|-heal|p1a: Seismitoad|80/100|[from] item: Leftovers
|upkeep
|turn|16
|
|switch|p1a: Corviknight|Corviknight, M|87/100 brn
|-ability|p1a: Corviknight|Pressure
|move|p2a: Ferrothorn|Power Whip|p1a: Corviknight|[miss]
|-miss|p2a: Ferrothorn|p1a: Corviknight
|
|-damage|p1a: Corviknight|81/100 brn|[from] brn
|upkeep
|turn|17
|
|move|p1a: Corviknight|Brave Bird|p2a: Ferrothorn
|-damage|p2a: Ferrothorn|91/100
|-damage|p1a: Corviknight|68/100 brn|[from] ability: Iron Barbs|[of] p2a: Ferrothorn
|-damage|p1a: Corviknight|65/100 brn|[from] Recoil
|move|p2a: Ferrothorn|Leech Seed|p1a: Corviknight
|-start|p1a: Corviknight|move: Leech Seed
|
|-heal|p2a: Ferrothorn|97/100|[from] item: Leftovers
|-damage|p1a: Corviknight|53/100 brn|[from] Leech Seed|[of] p2a: Ferrothorn
|-heal|p2a: Ferrothorn|100/100|[silent]
|-damage|p1a: Corviknight|47/100 brn|[from] brn
|upkeep
|turn|18
|
|move|p1a: Corviknight|Roost|p1a: Corviknight
|-heal|p1a: Corviknight|97/100 brn
|-singleturn|p1a: Corviknight|move: Roost
|move|p2a: Ferrothorn|Spikes|p1a: Corviknight
|-sidestart|p1: jyckering|Spikes
|
|-damage|p1a: Corviknight|84/100 brn|[from] Leech Seed|[of] p2a: Ferrothorn
|-damage|p1a: Corviknight|78/100 brn|[from] brn
|upkeep
|turn|19
|
|move|p1a: Corviknight|Roost|p1a: Corviknight
|-heal|p1a: Corviknight|100/100 brn
|-singleturn|p1a: Corviknight|move: Roost
|move|p2a: Ferrothorn|Spikes|p1a: Corviknight
|-sidestart|p1: jyckering|Spikes
|
|-damage|p1a: Corviknight|88/100 brn|[from] Leech Seed|[of] p2a: Ferrothorn
|-damage|p1a: Corviknight|82/100 brn|[from] brn
|upkeep
|turn|20
|
|move|p1a: Corviknight|Defog|p2a: Ferrothorn
|-unboost|p2a: Ferrothorn|evasion|1
|-sideend|p2: Oruakuma|Stealth Rock|[from] move: Defog|[of] p1a: Corviknight
|-sideend|p1: jyckering|Spikes|[from] move: Defog|[of] p1a: Corviknight
|move|p2a: Ferrothorn|Knock Off|p1a: Corviknight
|-damage|p1a: Corviknight|71/100 brn
|
|-damage|p1a: Corviknight|58/100 brn|[from] Leech Seed|[of] p2a: Ferrothorn
|-damage|p1a: Corviknight|52/100 brn|[from] brn
|upkeep
|turn|21
|
|move|p1a: Corviknight|Roost|p1a: Corviknight
|-heal|p1a: Corviknight|100/100 brn
|-singleturn|p1a: Corviknight|move: Roost
|move|p2a: Ferrothorn|Spikes|p1a: Corviknight
|-sidestart|p1: jyckering|Spikes
|
|-damage|p1a: Corviknight|88/100 brn|[from] Leech Seed|[of] p2a: Ferrothorn
|-damage|p1a: Corviknight|82/100 brn|[from] brn
|upkeep
|turn|22
|
|move|p1a: Corviknight|Brave Bird|p2a: Ferrothorn
|-damage|p2a: Ferrothorn|91/100
|-damage|p1a: Corviknight|69/100 brn|[from] ability: Iron Barbs|[of] p2a: Ferrothorn
|-damage|p1a: Corviknight|66/100 brn|[from] Recoil
|move|p2a: Ferrothorn|Spikes|p1a: Corviknight
|-sidestart|p1: jyckering|Spikes
|
|-heal|p2a: Ferrothorn|97/100|[from] item: Leftovers
|-damage|p1a: Corviknight|54/100 brn|[from] Leech Seed|[of] p2a: Ferrothorn
|-heal|p2a: Ferrothorn|100/100|[silent]
|-damage|p1a: Corviknight|47/100 brn|[from] brn
|upkeep
|turn|23
|
|move|p1a: Corviknight|Roost|p1a: Corviknight
|-heal|p1a: Corviknight|97/100 brn
|-singleturn|p1a: Corviknight|move: Roost
|move|p2a: Ferrothorn|Spikes|p1a: Corviknight
|-sidestart|p1: jyckering|Spikes
|
|-damage|p1a: Corviknight|85/100 brn|[from] Leech Seed|[of] p2a: Ferrothorn
|-damage|p1a: Corviknight|79/100 brn|[from] brn
|upkeep
|turn|24
|
|move|p1a: Corviknight|Defog|p2a: Ferrothorn
|-unboost|p2a: Ferrothorn|evasion|1
|-sideend|p1: jyckering|Spikes|[from] move: Defog|[of] p1a: Corviknight
|move|p2a: Ferrothorn|Spikes|p1a: Corviknight
|-sidestart|p1: jyckering|Spikes
|
|-damage|p1a: Corviknight|66/100 brn|[from] Leech Seed|[of] p2a: Ferrothorn
|-damage|p1a: Corviknight|60/100 brn|[from] brn
|upkeep
|turn|25
|
|move|p1a: Corviknight|Roost|p1a: Corviknight
|-heal|p1a: Corviknight|100/100 brn
|-singleturn|p1a: Corviknight|move: Roost
|move|p2a: Ferrothorn|Spikes|p1a: Corviknight
|-sidestart|p1: jyckering|Spikes
|
|-damage|p1a: Corviknight|88/100 brn|[from] Leech Seed|[of] p2a: Ferrothorn
|-damage|p1a: Corviknight|82/100 brn|[from] brn
|upkeep
|turn|26
|
|move|p1a: Corviknight|Defog|p2a: Ferrothorn
|-unboost|p2a: Ferrothorn|evasion|1
|-sideend|p1: jyckering|Spikes|[from] move: Defog|[of] p1a: Corviknight
|move|p2a: Ferrothorn|Spikes|p1a: Corviknight
|-sidestart|p1: jyckering|Spikes
|
|-damage|p1a: Corviknight|69/100 brn|[from] Leech Seed|[of] p2a: Ferrothorn
|-damage|p1a: Corviknight|63/100 brn|[from] brn
|upkeep
|turn|27
|
|move|p1a: Corviknight|Defog|p2a: Ferrothorn
|-unboost|p2a: Ferrothorn|evasion|1
|-sideend|p1: jyckering|Spikes|[from] move: Defog|[of] p1a: Corviknight
|move|p2a: Ferrothorn|Spikes|p1a: Corviknight
|-sidestart|p1: jyckering|Spikes
|
|-damage|p1a: Corviknight|50/100 brn|[from] Leech Seed|[of] p2a: Ferrothorn
|-damage|p1a: Corviknight|44/100 brn|[from] brn
|upkeep
|turn|28
|
|move|p1a: Corviknight|Roost|p1a: Corviknight
|-heal|p1a: Corviknight|94/100 brn
|-singleturn|p1a: Corviknight|move: Roost
|move|p2a: Ferrothorn|Spikes|p1a: Corviknight
|-sidestart|p1: jyckering|Spikes
|
|-damage|p1a: Corviknight|82/100 brn|[from] Leech Seed|[of] p2a: Ferrothorn
|-damage|p1a: Corviknight|75/100 brn|[from] brn
|upkeep
|turn|29
|
|switch|p2a: Dracovish|Dracovish|100/100
|move|p1a: Corviknight|Defog|p2a: Dracovish
|-unboost|p2a: Dracovish|evasion|1
|-sideend|p1: jyckering|Spikes|[from] move: Defog|[of] p1a: Corviknight
|
|-damage|p1a: Corviknight|63/100 brn|[from] Leech Seed|[of] p2a: Dracovish
|-damage|p1a: Corviknight|57/100 brn|[from] brn
|upkeep
|turn|30
|
|switch|p1a: Seismitoad|Seismitoad, M|80/100
|move|p2a: Dracovish|Fishious Rend|p1a: Seismitoad
|-heal|p1a: Seismitoad|100/100|[from] ability: Water Absorb|[of] p2a: Dracovish
|
|upkeep
|turn|31
|
|switch|p2a: Ferrothorn|Ferrothorn, M|100/100
|move|p1a: Seismitoad|Scald|p2a: Ferrothorn
|-resisted|p2a: Ferrothorn
|-damage|p2a: Ferrothorn|91/100
|
|-heal|p2a: Ferrothorn|97/100|[from] item: Leftovers
|upkeep
|turn|32
|
|switch|p1a: Corviknight|Corviknight, M|57/100 brn
|-ability|p1a: Corviknight|Pressure
|switch|p2a: Rotom|Rotom-Heat|96/100
|
|-damage|p1a: Corviknight|50/100 brn|[from] brn
|upkeep
|turn|33
|
|switch|p1a: Seismitoad|Seismitoad, M|100/100
|move|p2a: Rotom|Will-O-Wisp|p1a: Seismitoad
|-status|p1a: Seismitoad|brn
|
|-damage|p1a: Seismitoad|94/100 brn|[from] brn
|upkeep
|turn|34
|
|switch|p2a: Ferrothorn|Ferrothorn, M|97/100
|move|p1a: Seismitoad|Scald|p2a: Ferrothorn
|-resisted|p2a: Ferrothorn
|-damage|p2a: Ferrothorn|87/100
|
|-heal|p1a: Seismitoad|100/100 brn|[from] item: Leftovers
|-heal|p2a: Ferrothorn|93/100|[from] item: Leftovers
|-damage|p1a: Seismitoad|94/100 brn|[from] brn
|upkeep
|turn|35
|
|move|p1a: Seismitoad|Scald|p2a: Ferrothorn
|-resisted|p2a: Ferrothorn
|-damage|p2a: Ferrothorn|83/100
|-status|p2a: Ferrothorn|brn
|move|p2a: Ferrothorn|Knock Off|p1a: Seismitoad
|-damage|p1a: Seismitoad|87/100 brn
|-enditem|p1a: Seismitoad|Leftovers|[from] move: Knock Off|[of] p2a: Ferrothorn
|
|-heal|p2a: Ferrothorn|89/100 brn|[from] item: Leftovers
|-damage|p1a: Seismitoad|81/100 brn|[from] brn
|-damage|p2a: Ferrothorn|83/100 brn|[from] brn
|upkeep
|turn|36
|
|switch|p1a: Corviknight|Corviknight, M|50/100 brn
|-ability|p1a: Corviknight|Pressure
|move|p2a: Ferrothorn|Leech Seed|p1a: Corviknight
|-start|p1a: Corviknight|move: Leech Seed
|
|-heal|p2a: Ferrothorn|89/100 brn|[from] item: Leftovers
|-damage|p1a: Corviknight|38/100 brn|[from] Leech Seed|[of] p2a: Ferrothorn
|-heal|p2a: Ferrothorn|100/100 brn|[silent]
|-damage|p1a: Corviknight|32/100 brn|[from] brn
|-damage|p2a: Ferrothorn|94/100 brn|[from] brn
|upkeep
|turn|37
|
|move|p1a: Corviknight|Roost|p1a: Corviknight
|-heal|p1a: Corviknight|82/100 brn
|-singleturn|p1a: Corviknight|move: Roost
|move|p2a: Ferrothorn|Knock Off|p1a: Corviknight
|-damage|p1a: Corviknight|77/100 brn
|
|-heal|p2a: Ferrothorn|100/100 brn|[from] item: Leftovers
|-damage|p1a: Corviknight|64/100 brn|[from] Leech Seed|[of] p2a: Ferrothorn
|-damage|p1a: Corviknight|58/100 brn|[from] brn
|-damage|p2a: Ferrothorn|94/100 brn|[from] brn
|upkeep
|turn|38
|
|move|p1a: Corviknight|Roost|p1a: Corviknight
|-heal|p1a: Corviknight|100/100 brn
|-singleturn|p1a: Corviknight|move: Roost
|move|p2a: Ferrothorn|Knock Off|p1a: Corviknight
|-damage|p1a: Corviknight|95/100 brn
|
|-heal|p2a: Ferrothorn|100/100 brn|[from] item: Leftovers
|-damage|p1a: Corviknight|83/100 brn|[from] Leech Seed|[of] p2a: Ferrothorn
|-damage|p1a: Corviknight|77/100 brn|[from] brn
|-damage|p2a: Ferrothorn|94/100 brn|[from] brn
|upkeep
|turn|39
|
|move|p1a: Corviknight|Defog|p2a: Ferrothorn
|-unboost|p2a: Ferrothorn|evasion|1
|move|p2a: Ferrothorn|Spikes|p1a: Corviknight
|-sidestart|p1: jyckering|Spikes
|
|-heal|p2a: Ferrothorn|100/100 brn|[from] item: Leftovers
|-damage|p1a: Corviknight|64/100 brn|[from] Leech Seed|[of] p2a: Ferrothorn
|-damage|p1a: Corviknight|58/100 brn|[from] brn
|-damage|p2a: Ferrothorn|94/100 brn|[from] brn
|upkeep
|turn|40
|
|switch|p2a: Dracovish|Dracovish|100/100
|move|p1a: Corviknight|Defog|p2a: Dracovish
|-unboost|p2a: Dracovish|evasion|1
|-sideend|p1: jyckering|Spikes|[from] move: Defog|[of] p1a: Corviknight
|
|-damage|p1a: Corviknight|45/100 brn|[from] Leech Seed|[of] p2a: Dracovish
|-damage|p1a: Corviknight|39/100 brn|[from] brn
|upkeep
|turn|41
|
|switch|p1a: Seismitoad|Seismitoad, M|81/100 brn
|move|p2a: Dracovish|Crunch|p1a: Seismitoad
|-damage|p1a: Seismitoad|46/100 brn
|
|-damage|p1a: Seismitoad|40/100 brn|[from] brn
|upkeep
|turn|42
|
|move|p2a: Dracovish|Crunch|p1a: Seismitoad
|-crit|p1a: Seismitoad
|-damage|p1a: Seismitoad|0 fnt
|faint|p1a: Seismitoad
|
|upkeep
|
|switch|p1a: Rotom|Rotom-Heat|100/100
|turn|43
|
|switch|p1a: Corviknight|Corviknight, M|39/100 brn
|-ability|p1a: Corviknight|Pressure
|switch|p2a: Ferrothorn|Ferrothorn, M|94/100 brn
|
|-heal|p2a: Ferrothorn|100/100 brn|[from] item: Leftovers
|-damage|p1a: Corviknight|33/100 brn|[from] brn
|-damage|p2a: Ferrothorn|94/100 brn|[from] brn
|upkeep
|turn|44
|
|move|p1a: Corviknight|Roost|p1a: Corviknight
|-heal|p1a: Corviknight|83/100 brn
|-singleturn|p1a: Corviknight|move: Roost
|move|p2a: Ferrothorn|Knock Off|p1a: Corviknight
|-crit|p1a: Corviknight
|-damage|p1a: Corviknight|75/100 brn
|
|-heal|p2a: Ferrothorn|100/100 brn|[from] item: Leftovers
|-damage|p1a: Corviknight|69/100 brn|[from] brn
|-damage|p2a: Ferrothorn|94/100 brn|[from] brn
|upkeep
|turn|45
|
|move|p1a: Corviknight|Brave Bird|p2a: Ferrothorn
|-damage|p2a: Ferrothorn|83/100 brn
|-damage|p1a: Corviknight|56/100 brn|[from] ability: Iron Barbs|[of] p2a: Ferrothorn
|-damage|p1a: Corviknight|53/100 brn|[from] Recoil
|move|p2a: Ferrothorn|Leech Seed|p1a: Corviknight|[miss]
|-miss|p2a: Ferrothorn|p1a: Corviknight
|
|-heal|p2a: Ferrothorn|89/100 brn|[from] item: Leftovers
|-damage|p1a: Corviknight|47/100 brn|[from] brn
|-damage|p2a: Ferrothorn|83/100 brn|[from] brn
|upkeep
|turn|46
|
|switch|p2a: Dracovish|Dracovish|100/100
|move|p1a: Corviknight|Roost|p1a: Corviknight
|-heal|p1a: Corviknight|97/100 brn
|-singleturn|p1a: Corviknight|move: Roost
|
|-damage|p1a: Corviknight|90/100 brn|[from] brn
|upkeep
|turn|47
|
|switch|p1a: Tyranitar|Tyranitar, M|100/100
|-weather|Sandstorm|[from] ability: Sand Stream|[of] p1a: Tyranitar
|move|p2a: Dracovish|Fishious Rend|p1a: Tyranitar
|-supereffective|p1a: Tyranitar
|-damage|p1a: Tyranitar|0 fnt
|faint|p1a: Tyranitar
|
|-weather|Sandstorm|[upkeep]
|-damage|p2a: Dracovish|94/100|[from] Sandstorm
|upkeep
|
|switch|p1a: Excadrill|Excadrill, F|100/100
|turn|48
|
|move|p1a: Excadrill|Earthquake|p2a: Dracovish
|-damage|p2a: Dracovish|19/100
|-damage|p1a: Excadrill|91/100|[from] item: Life Orb
|move|p2a: Dracovish|Fishious Rend|p1a: Excadrill
|-supereffective|p1a: Excadrill
|-damage|p1a: Excadrill|0 fnt
|faint|p1a: Excadrill
|
|-weather|Sandstorm|[upkeep]
|-damage|p2a: Dracovish|12/100|[from] Sandstorm
|upkeep
|c|☆jyckering|awesome
|c|☆jyckering|love that thing
|
|switch|p1a: Corviknight|Corviknight, M|90/100 brn
|-ability|p1a: Corviknight|Pressure
|turn|49
|
|move|p2a: Dracovish|Fishious Rend|p1a: Corviknight
|-damage|p1a: Corviknight|0 fnt
|faint|p1a: Corviknight
|
|-weather|Sandstorm|[upkeep]
|-damage|p2a: Dracovish|6/100|[from] Sandstorm
|upkeep
|c|☆jyckering|brb strongest attack in the game
|c|☆jyckering|brb ass fucking stupid bulk for no reason
|c|☆Oruakuma|this is banded you know
|c|☆jyckering|awesome
|c|☆jyckering|i love 50/50s guessing which one its running
|
|switch|p1a: Dragapult|Dragapult, F|41/100
|turn|50
|c|☆jyckering|either way my entire team gets owned
|
|move|p1a: Dragapult|Shadow Ball|p2a: Dracovish
|-damage|p2a: Dracovish|0 fnt
|faint|p2a: Dracovish
|
|-weather|Sandstorm|[upkeep]
|-damage|p1a: Dragapult|35/100|[from] Sandstorm
|upkeep
|
|switch|p2a: Tyranitar|Tyranitar, M|80/100
|turn|51
|
|switch|p1a: Rotom|Rotom-Heat|100/100
|move|p2a: Tyranitar|Stone Edge|p1a: Rotom
|-supereffective|p1a: Rotom
|-damage|p1a: Rotom|0 fnt
|faint|p1a: Rotom
|
|-weather|none
|-heal|p2a: Tyranitar|86/100|[from] item: Leftovers
|upkeep
|-message|jyckering forfeited.
|
|win|Oruakuma
|l|☆jyckering
|c|☆Oruakuma|gg wp
|c|☆Oruakuma|lol
|raw|jyckering's rating: 1423 → 1403(-20 for losing)
|raw|Oruakuma's rating: 1429 → 1448(+19 for winning)
