|ScrapeTime|2020-01-01-18:46:33
|j|☆WeBros2
|j|☆chau chao co Khanh
|player|p1|WeBros2|2|1299
|player|p2|chau chao co Khanh|170|1295
|teamsize|p1|6
|teamsize|p2|6
|gametype|singles
|gen|8
|tier|[Gen 8] OU
|rated|
|rule|Sleep Clause Mod: Limit one foe put to sleep
|rule|Species Clause: Limit one of each Pokémon
|rule|OHKO Clause: OHKO moves are banned
|rule|Evasion Moves Clause: Evasion moves are banned
|rule|Endless Battle Clause: Forcing endless battles is banned
|rule|HP Percentage Mod: HP is shown in percentages
|clearpoke
|poke|p1|Lucario, F|
|poke|p1|Hydreigon, M|
|poke|p1|Hippowdon, F|
|poke|p1|Reuniclus, F|
|poke|p1|Cinderace, M|
|poke|p1|Rotom-Mow|
|poke|p2|Seismitoad, F|
|poke|p2|Rotom-Heat|
|poke|p2|Aegislash, M|
|poke|p2|Conkeldurr, F|
|poke|p2|Mandibuzz, F|
|poke|p2|Toxtricity-Low-Key, M|
|rule|Dynamax Clause: You cannot dynamax
|teampreview
|
|start
|switch|p1a: Rotom|Rotom-Mow|100/100
|switch|p2a: Seismitoad|Seismitoad, F|100/100
|turn|1
|
|move|p2a: Seismitoad|Protect|p2a: Seismitoad
|-singleturn|p2a: Seismitoad|Protect
|move|p1a: Rotom|Trick|p2a: Seismitoad
|-activate|p2a: Seismitoad|move: Protect
|
|upkeep
|turn|2
|
|switch|p2a: Rotom|Rotom-Heat|100/100
|move|p1a: Rotom|Trick|p2a: Rotom
|-activate|p1a: Rotom|move: Trick|[of] p2a: Rotom
|-item|p2a: Rotom|Choice Scarf|[from] move: Trick
|-item|p1a: Rotom|Choice Scarf|[from] move: Trick
|
|upkeep
|turn|3
|
|switch|p1a: Hippowdon|Hippowdon, F|100/100
|-weather|Sandstorm|[from] ability: Sand Stream|[of] p1a: Hippowdon
|move|p2a: Rotom|Will-O-Wisp|p1a: Hippowdon
|-status|p1a: Hippowdon|brn
|
|-weather|Sandstorm|[upkeep]
|-damage|p2a: Rotom|95/100|[from] Sandstorm
|-damage|p1a: Hippowdon|94/100 brn|[from] brn
|upkeep
|turn|4
|
|switch|p2a: Seismitoad|Seismitoad, F|100/100
|move|p1a: Hippowdon|Stealth Rock|p2a: Seismitoad
|-sidestart|p2: chau chao co Khanh|move: Stealth Rock
|
|-weather|Sandstorm|[upkeep]
|-heal|p1a: Hippowdon|100/100 brn|[from] item: Leftovers
|-damage|p1a: Hippowdon|94/100 brn|[from] brn
|upkeep
|turn|5
|
|switch|p1a: Rotom|Rotom-Mow|100/100
|move|p2a: Seismitoad|Stealth Rock|p1a: Rotom
|-sidestart|p1: WeBros2|move: Stealth Rock
|
|-weather|Sandstorm|[upkeep]
|-damage|p1a: Rotom|94/100|[from] Sandstorm
|upkeep
|turn|6
|
|switch|p2a: Aegislash|Aegislash, M|100/100
|-damage|p2a: Aegislash|94/100|[from] Stealth Rock
|move|p1a: Rotom|Leaf Storm|p2a: Aegislash
|-resisted|p2a: Aegislash
|-damage|p2a: Aegislash|72/100
|-unboost|p1a: Rotom|spa|2
|
|-weather|Sandstorm|[upkeep]
|-damage|p1a: Rotom|88/100|[from] Sandstorm
|-heal|p2a: Aegislash|78/100|[from] item: Leftovers
|upkeep
|turn|7
|
|switch|p1a: Hippowdon|Hippowdon, F|94/100 brn
|-damage|p1a: Hippowdon|88/100 brn|[from] Stealth Rock
|-formechange|p2a: Aegislash|Aegislash-Blade||[from] ability: Stance Change
|move|p2a: Aegislash|Iron Head|p1a: Hippowdon
|-damage|p1a: Hippowdon|60/100 brn
|
|-weather|none
|-heal|p2a: Aegislash|84/100|[from] item: Leftovers
|-heal|p1a: Hippowdon|66/100 brn|[from] item: Leftovers
|-damage|p1a: Hippowdon|60/100 brn|[from] brn
|upkeep
|turn|8
|
|switch|p2a: Seismitoad|Seismitoad, F|100/100
|-damage|p2a: Seismitoad|94/100|[from] Stealth Rock
|move|p1a: Hippowdon|Slack Off|p1a: Hippowdon
|-heal|p1a: Hippowdon|100/100 brn
|
|-heal|p2a: Seismitoad|100/100|[from] item: Leftovers
|-damage|p1a: Hippowdon|94/100 brn|[from] brn
|upkeep
|turn|9
|
|move|p2a: Seismitoad|Toxic||[still]
|-fail|p2a: Seismitoad
|move|p1a: Hippowdon|Roar|p2a: Seismitoad
|drag|p2a: Rotom|Rotom-Heat|95/100
|-damage|p2a: Rotom|70/100|[from] Stealth Rock
|
|-heal|p1a: Hippowdon|100/100 brn|[from] item: Leftovers
|-damage|p1a: Hippowdon|94/100 brn|[from] brn
|upkeep
|turn|10
|
|move|p2a: Rotom|Trick|p1a: Hippowdon
|-activate|p2a: Rotom|move: Trick|[of] p1a: Hippowdon
|-item|p1a: Hippowdon|Choice Scarf|[from] move: Trick
|-item|p2a: Rotom|Leftovers|[from] move: Trick
|move|p1a: Hippowdon|Roar|p2a: Rotom
|drag|p2a: Mandibuzz|Mandibuzz, F|100/100
|
|-damage|p1a: Hippowdon|88/100 brn|[from] brn
|upkeep
|turn|11
|
|move|p2a: Mandibuzz|U-turn|p1a: Hippowdon
|-damage|p1a: Hippowdon|82/100 brn
|
|switch|p2a: Toxtricity|Toxtricity-Low-Key, M|100/100|[from]move: U-turn
|-damage|p2a: Toxtricity|88/100|[from] Stealth Rock
|move|p1a: Hippowdon|Roar|p2a: Toxtricity
|drag|p2a: Seismitoad|Seismitoad, F|100/100
|-damage|p2a: Seismitoad|94/100|[from] Stealth Rock
|
|-heal|p2a: Seismitoad|100/100|[from] item: Leftovers
|-damage|p1a: Hippowdon|75/100 brn|[from] brn
|upkeep
|turn|12
|
|move|p2a: Seismitoad|Earthquake|p1a: Hippowdon
|-damage|p1a: Hippowdon|56/100 brn
|move|p1a: Hippowdon|Roar|p2a: Seismitoad
|drag|p2a: Mandibuzz|Mandibuzz, F|100/100
|
|-damage|p1a: Hippowdon|49/100 brn|[from] brn
|upkeep
|turn|13
|
|switch|p1a: Rotom|Rotom-Mow|88/100
|-damage|p1a: Rotom|76/100|[from] Stealth Rock
|move|p2a: Mandibuzz|Foul Play|p1a: Rotom
|-damage|p1a: Rotom|54/100
|
|upkeep
|turn|14
|inactive|Battle timer is ON: inactive players will automatically lose when time's up. (requested by chau chao co Khanh)
|inactive|chau chao co Khanh has 120 seconds left.
|
|move|p1a: Rotom|Volt Switch|p2a: Mandibuzz
|-supereffective|p2a: Mandibuzz
|-damage|p2a: Mandibuzz|61/100
|
|switch|p1a: Hippowdon|Hippowdon, F|49/100 brn|[from]move: Volt Switch
|-damage|p1a: Hippowdon|43/100 brn|[from] Stealth Rock
|-weather|Sandstorm|[from] ability: Sand Stream|[of] p1a: Hippowdon
|move|p2a: Mandibuzz|U-turn|p1a: Hippowdon
|-damage|p1a: Hippowdon|36/100 brn
|
|switch|p2a: Conkeldurr|Conkeldurr, F|100/100|[from]move: U-turn
|-damage|p2a: Conkeldurr|94/100|[from] Stealth Rock
|
|-weather|Sandstorm|[upkeep]
|-damage|p2a: Conkeldurr|88/100|[from] Sandstorm
|-damage|p1a: Hippowdon|30/100 brn|[from] brn
|-status|p2a: Conkeldurr|brn|[from] item: Flame Orb
|upkeep
|turn|15
|
|move|p1a: Hippowdon|Slack Off|p1a: Hippowdon
|-heal|p1a: Hippowdon|80/100 brn
|move|p2a: Conkeldurr|Close Combat|p1a: Hippowdon
|-damage|p1a: Hippowdon|17/100 brn
|-unboost|p2a: Conkeldurr|def|1
|-unboost|p2a: Conkeldurr|spd|1
|
|-weather|Sandstorm|[upkeep]
|-damage|p2a: Conkeldurr|82/100 brn|[from] Sandstorm
|-damage|p1a: Hippowdon|11/100 brn|[from] brn
|-damage|p2a: Conkeldurr|76/100 brn|[from] brn
|upkeep
|turn|16
|
|move|p1a: Hippowdon|Slack Off|p1a: Hippowdon
|-heal|p1a: Hippowdon|61/100 brn
|move|p2a: Conkeldurr|Drain Punch|p1a: Hippowdon
|-damage|p1a: Hippowdon|19/100 brn
|-heal|p2a: Conkeldurr|97/100 brn|[from] drain|[of] p1a: Hippowdon
|
|-weather|Sandstorm|[upkeep]
|-damage|p2a: Conkeldurr|91/100 brn|[from] Sandstorm
|-damage|p1a: Hippowdon|13/100 brn|[from] brn
|-damage|p2a: Conkeldurr|85/100 brn|[from] brn
|upkeep
|turn|17
|
|move|p1a: Hippowdon|Slack Off|p1a: Hippowdon
|-heal|p1a: Hippowdon|63/100 brn
|move|p2a: Conkeldurr|Drain Punch|p1a: Hippowdon
|-damage|p1a: Hippowdon|25/100 brn
|-heal|p2a: Conkeldurr|100/100 brn|[from] drain|[of] p1a: Hippowdon
|
|-weather|Sandstorm|[upkeep]
|-damage|p2a: Conkeldurr|94/100 brn|[from] Sandstorm
|-damage|p1a: Hippowdon|19/100 brn|[from] brn
|-damage|p2a: Conkeldurr|88/100 brn|[from] brn
|upkeep
|turn|18
|
|move|p1a: Hippowdon|Slack Off|p1a: Hippowdon
|-heal|p1a: Hippowdon|69/100 brn
|move|p2a: Conkeldurr|Drain Punch|p1a: Hippowdon
|-damage|p1a: Hippowdon|33/100 brn
|-heal|p2a: Conkeldurr|100/100 brn|[from] drain|[of] p1a: Hippowdon
|
|-weather|none
|-damage|p1a: Hippowdon|26/100 brn|[from] brn
|-damage|p2a: Conkeldurr|94/100 brn|[from] brn
|upkeep
|turn|19
|
|move|p1a: Hippowdon|Slack Off|p1a: Hippowdon
|-heal|p1a: Hippowdon|76/100 brn
|move|p2a: Conkeldurr|Drain Punch|p1a: Hippowdon
|-crit|p1a: Hippowdon
|-damage|p1a: Hippowdon|19/100 brn
|-heal|p2a: Conkeldurr|100/100 brn|[from] drain|[of] p1a: Hippowdon
|
|-damage|p1a: Hippowdon|12/100 brn|[from] brn
|-damage|p2a: Conkeldurr|94/100 brn|[from] brn
|upkeep
|turn|20
|
|move|p1a: Hippowdon|Slack Off|p1a: Hippowdon
|-heal|p1a: Hippowdon|62/100 brn
|move|p2a: Conkeldurr|Close Combat|p1a: Hippowdon
|-damage|p1a: Hippowdon|4/100 brn
|-unboost|p2a: Conkeldurr|def|1
|-unboost|p2a: Conkeldurr|spd|1
|
|-damage|p1a: Hippowdon|0 fnt|[from] brn
|faint|p1a: Hippowdon
|-damage|p2a: Conkeldurr|88/100 brn|[from] brn
|upkeep
|
|switch|p1a: Reuniclus|Reuniclus, F|100/100
|turn|21
|
|switch|p2a: Aegislash|Aegislash, M|84/100
|-damage|p2a: Aegislash|78/100|[from] Stealth Rock
|move|p1a: Reuniclus|Thunder|p2a: Aegislash
|-damage|p2a: Aegislash|33/100
|-status|p2a: Aegislash|par
|
|-heal|p2a: Aegislash|39/100 par|[from] item: Leftovers
|upkeep
|turn|22
|
|switch|p2a: Seismitoad|Seismitoad, F|100/100
|-damage|p2a: Seismitoad|94/100|[from] Stealth Rock
|move|p1a: Reuniclus|Thunder|p2a: Seismitoad
|-immune|p2a: Seismitoad
|
|-heal|p2a: Seismitoad|100/100|[from] item: Leftovers
|upkeep
|turn|23
|
|move|p2a: Seismitoad|Earthquake|p1a: Reuniclus
|-damage|p1a: Reuniclus|66/100
|move|p1a: Reuniclus|Psychic|p2a: Seismitoad
|-damage|p2a: Seismitoad|37/100
|
|-heal|p2a: Seismitoad|43/100|[from] item: Leftovers
|upkeep
|turn|24
|
|switch|p2a: Aegislash|Aegislash, M|39/100 par
|-damage|p2a: Aegislash|33/100 par|[from] Stealth Rock
|move|p1a: Reuniclus|Psychic|p2a: Aegislash
|-resisted|p2a: Aegislash
|-damage|p2a: Aegislash|9/100 par
|
|-heal|p2a: Aegislash|15/100 par|[from] item: Leftovers
|upkeep
|turn|25
|
|-formechange|p2a: Aegislash|Aegislash-Blade||[from] ability: Stance Change
|move|p2a: Aegislash|Shadow Sneak|p1a: Reuniclus
|-supereffective|p1a: Reuniclus
|-damage|p1a: Reuniclus|13/100
|move|p1a: Reuniclus|Psychic|p2a: Aegislash
|-resisted|p2a: Aegislash
|-damage|p2a: Aegislash|0 fnt
|faint|p2a: Aegislash
|
|upkeep
|
|switch|p2a: Toxtricity|Toxtricity-Low-Key, M|88/100
|-damage|p2a: Toxtricity|76/100|[from] Stealth Rock
|turn|26
|
|move|p2a: Toxtricity|Boomburst|p1a: Reuniclus
|-crit|p1a: Reuniclus
|-damage|p1a: Reuniclus|0 fnt
|faint|p1a: Reuniclus
|
|upkeep
|
|switch|p1a: Hydreigon|Hydreigon, M|100/100
|-damage|p1a: Hydreigon|88/100|[from] Stealth Rock
|turn|27
|
|switch|p2a: Mandibuzz|Mandibuzz, F|61/100
|move|p1a: Hydreigon|Draco Meteor|p2a: Mandibuzz
|-damage|p2a: Mandibuzz|21/100
|-unboost|p1a: Hydreigon|spa|2
|
|upkeep
|turn|28
|
|move|p1a: Hydreigon|Draco Meteor|p2a: Mandibuzz|[miss]
|-miss|p1a: Hydreigon|p2a: Mandibuzz
|move|p2a: Mandibuzz|Roost|p2a: Mandibuzz
|-heal|p2a: Mandibuzz|71/100
|-singleturn|p2a: Mandibuzz|move: Roost
|
|upkeep
|turn|29
|
|switch|p1a: Lucario|Lucario, F|100/100
|-damage|p1a: Lucario|98/100|[from] Stealth Rock
|move|p2a: Mandibuzz|U-turn|p1a: Lucario
|-resisted|p1a: Lucario
|-damage|p1a: Lucario|93/100
|
|switch|p2a: Conkeldurr|Conkeldurr, F|88/100 brn|[from]move: U-turn
|-damage|p2a: Conkeldurr|82/100 brn|[from] Stealth Rock
|
|-damage|p2a: Conkeldurr|76/100 brn|[from] brn
|upkeep
|turn|30
|
|switch|p1a: Rotom|Rotom-Mow|54/100
|-damage|p1a: Rotom|42/100|[from] Stealth Rock
|move|p2a: Conkeldurr|Drain Punch|p1a: Rotom
|-damage|p1a: Rotom|0 fnt
|-heal|p2a: Conkeldurr|88/100 brn|[from] drain|[of] p1a: Rotom
|faint|p1a: Rotom
|
|-damage|p2a: Conkeldurr|82/100 brn|[from] brn
|upkeep
|
|switch|p1a: Cinderace|Cinderace, M|100/100
|turn|31
|
|move|p1a: Cinderace|Pyro Ball|p2a: Conkeldurr
|-damage|p2a: Conkeldurr|34/100 brn
|move|p2a: Conkeldurr|Drain Punch|p1a: Cinderace
|-damage|p1a: Cinderace|0 fnt
|-heal|p2a: Conkeldurr|71/100 brn|[from] drain|[of] p1a: Cinderace
|faint|p1a: Cinderace
|
|-damage|p2a: Conkeldurr|65/100 brn|[from] brn
|upkeep
|
|switch|p1a: Hydreigon|Hydreigon, M|88/100
|-damage|p1a: Hydreigon|76/100|[from] Stealth Rock
|turn|32
|
|move|p2a: Conkeldurr|Mach Punch|p1a: Hydreigon
|-supereffective|p1a: Hydreigon
|-damage|p1a: Hydreigon|0 fnt
|faint|p1a: Hydreigon
|
|-damage|p2a: Conkeldurr|59/100 brn|[from] brn
|upkeep
|-message|WeBros2 forfeited.
|
|win|chau chao co Khanh
|l|☆WeBros2
|raw|WeBros2's rating: 1299 → 1274(-25 for losing)
|raw|chau chao co Khanh's rating: 1295 → 1320(+25 for winning)
