|ScrapeTime|2020-01-01-16:55:57
|j|☆Velho aidetico
|j|☆abkwhvjabhdvkh
|player|p1|Velho aidetico|gentleman-gen4dp|1052
|player|p2|abkwhvjabhdvkh|#gmars|1070
|teamsize|p1|6
|teamsize|p2|6
|gametype|singles
|gen|8
|tier|[Gen 8] OU
|rated|
|rule|Sleep Clause Mod: Limit one foe put to sleep
|rule|Species Clause: Limit one of each Pokémon
|rule|OHKO Clause: OHKO moves are banned
|rule|Evasion Moves Clause: Evasion moves are banned
|rule|Endless Battle Clause: Forcing endless battles is banned
|rule|HP Percentage Mod: HP is shown in percentages
|clearpoke
|poke|p1|Crawdaunt, F|
|poke|p1|Grimmsnarl, M|
|poke|p1|Centiskorch, M|
|poke|p1|Ditto|
|poke|p1|Ferrothorn, M|
|poke|p1|Escavalier, M|
|poke|p2|Obstagoon, M|
|poke|p2|Rotom-Mow|
|poke|p2|Corviknight, M|
|poke|p2|Dragapult, M|
|poke|p2|Seismitoad, M|
|poke|p2|Sylveon, F|
|rule|Dynamax Clause: You cannot dynamax
|teampreview
|
|start
|switch|p1a: Saco de Lixo|Ferrothorn, M|100/100
|switch|p2a: Obstagoon|Obstagoon, M|100/100
|turn|1
|inactive|Battle timer is ON: inactive players will automatically lose when time's up. (requested by abkwhvjabhdvkh)
|
|move|p2a: Obstagoon|Close Combat|p1a: Saco de Lixo
|-supereffective|p1a: Saco de Lixo
|-damage|p1a: Saco de Lixo|58/100
|-damage|p2a: Obstagoon|88/100|[from] ability: Iron Barbs|[of] p1a: Saco de Lixo
|-damage|p2a: Obstagoon|72/100|[from] item: Rocky Helmet|[of] p1a: Saco de Lixo
|-unboost|p2a: Obstagoon|def|1
|-unboost|p2a: Obstagoon|spd|1
|move|p1a: Saco de Lixo|Stealth Rock|p2a: Obstagoon
|-sidestart|p2: abkwhvjabhdvkh|move: Stealth Rock
|
|-status|p2a: Obstagoon|brn|[from] item: Flame Orb
|upkeep
|turn|2
|
|move|p2a: Obstagoon|Close Combat|p1a: Saco de Lixo
|-supereffective|p1a: Saco de Lixo
|-damage|p1a: Saco de Lixo|0 fnt
|-damage|p2a: Obstagoon|60/100 brn|[from] ability: Iron Barbs|[of] p1a: Saco de Lixo
|-damage|p2a: Obstagoon|43/100 brn|[from] item: Rocky Helmet|[of] p1a: Saco de Lixo
|-unboost|p2a: Obstagoon|def|1
|-unboost|p2a: Obstagoon|spd|1
|faint|p1a: Saco de Lixo
|
|-damage|p2a: Obstagoon|37/100 brn|[from] brn
|upkeep
|
|switch|p1a: Gnomed|Grimmsnarl, M|100/100
|-item|p2a: Obstagoon|Flame Orb|[from] ability: Frisk|[of] p1a: Gnomed|[identify]
|turn|3
|
|move|p1a: Gnomed|Fake Out|p2a: Obstagoon
|-damage|p2a: Obstagoon|15/100 brn
|cant|p2a: Obstagoon|flinch
|
|-damage|p2a: Obstagoon|9/100 brn|[from] brn
|upkeep
|turn|4
|
|switch|p1a: Knight of Catarina|Escavalier, M|100/100
|move|p2a: Obstagoon|Facade|p1a: Knight of Catarina
|-resisted|p1a: Knight of Catarina
|-damage|p1a: Knight of Catarina|62/100
|
|-damage|p2a: Obstagoon|3/100 brn|[from] brn
|upkeep
|turn|5
|inactive|Velho aidetico has 120 seconds left.
|
|move|p2a: Obstagoon|Knock Off|p1a: Knight of Catarina
|-damage|p1a: Knight of Catarina|6/100
|-enditem|p1a: Knight of Catarina|Assault Vest|[from] move: Knock Off|[of] p2a: Obstagoon
|move|p1a: Knight of Catarina|X-Scissor|p2a: Obstagoon
|-supereffective|p2a: Obstagoon
|-damage|p2a: Obstagoon|0 fnt
|faint|p2a: Obstagoon
|
|upkeep
|
|switch|p2a: Corviknight|Corviknight, M|100/100
|-damage|p2a: Corviknight|88/100|[from] Stealth Rock
|turn|6
|
|move|p2a: Corviknight|Defog|p1a: Knight of Catarina
|-unboost|p1a: Knight of Catarina|evasion|1
|-sideend|p2: abkwhvjabhdvkh|Stealth Rock|[from] move: Defog|[of] p2a: Corviknight
|move|p1a: Knight of Catarina|Close Combat|p2a: Corviknight
|-damage|p2a: Corviknight|57/100
|-unboost|p1a: Knight of Catarina|def|1
|-unboost|p1a: Knight of Catarina|spd|1
|
|-heal|p2a: Corviknight|63/100|[from] item: Leftovers
|upkeep
|turn|7
|
|move|p2a: Corviknight|Iron Head|p1a: Knight of Catarina
|-resisted|p1a: Knight of Catarina
|-damage|p1a: Knight of Catarina|0 fnt
|faint|p1a: Knight of Catarina
|
|-heal|p2a: Corviknight|69/100|[from] item: Leftovers
|upkeep
|
|switch|p1a: Gnomed|Grimmsnarl, M|100/100
|-item|p2a: Corviknight|Leftovers|[from] ability: Frisk|[of] p1a: Gnomed|[identify]
|turn|8
|
|switch|p2a: Seismitoad|Seismitoad, M|100/100
|move|p1a: Gnomed|Fake Out|p2a: Seismitoad
|-damage|p2a: Seismitoad|92/100
|
|-heal|p2a: Seismitoad|98/100|[from] item: Leftovers
|upkeep
|turn|9
|
|move|p2a: Seismitoad|Stealth Rock|p1a: Gnomed
|-sidestart|p1: Velho aidetico|move: Stealth Rock
|move|p1a: Gnomed|Substitute|p1a: Gnomed
|-start|p1a: Gnomed|Substitute
|-damage|p1a: Gnomed|75/100
|
|-heal|p2a: Seismitoad|100/100|[from] item: Leftovers
|-heal|p1a: Gnomed|82/100|[from] item: Leftovers
|upkeep
|turn|10
|
|switch|p2a: Sylveon|Sylveon, F|100/100
|move|p1a: Gnomed|Darkest Lariat|p2a: Sylveon
|-resisted|p2a: Sylveon
|-damage|p2a: Sylveon|82/100
|
|-heal|p1a: Gnomed|88/100|[from] item: Leftovers
|-heal|p2a: Sylveon|88/100|[from] item: Leftovers
|upkeep
|turn|11
|
|move|p1a: Gnomed|Spirit Break|p2a: Sylveon
|-damage|p2a: Sylveon|54/100
|-unboost|p2a: Sylveon|spa|1
|move|p2a: Sylveon|Hyper Voice|p1a: Gnomed
|-supereffective|p1a: Gnomed
|-damage|p1a: Gnomed|35/100
|
|-heal|p1a: Gnomed|41/100|[from] item: Leftovers
|-heal|p2a: Sylveon|60/100|[from] item: Leftovers
|upkeep
|turn|12
|
|move|p2a: Sylveon|Protect|p2a: Sylveon
|-singleturn|p2a: Sylveon|Protect
|move|p1a: Gnomed|Spirit Break|p2a: Sylveon
|-activate|p2a: Sylveon|move: Protect
|
|-heal|p1a: Gnomed|47/100|[from] item: Leftovers
|-heal|p2a: Sylveon|66/100|[from] item: Leftovers
|upkeep
|turn|13
|
|switch|p2a: Corviknight|Corviknight, M|69/100
|move|p1a: Gnomed|Spirit Break|p2a: Corviknight
|-resisted|p2a: Corviknight
|-damage|p2a: Corviknight|58/100
|-ability|p2a: Corviknight|Mirror Armor
|-unboost|p1a: Gnomed|spa|1
|
|-heal|p2a: Corviknight|65/100|[from] item: Leftovers
|-heal|p1a: Gnomed|53/100|[from] item: Leftovers
|upkeep
|turn|14
|
|move|p2a: Corviknight|Iron Head|p1a: Gnomed
|-supereffective|p1a: Gnomed
|-end|p1a: Gnomed|Substitute
|move|p1a: Gnomed|Darkest Lariat|p2a: Corviknight
|-damage|p2a: Corviknight|40/100
|
|-heal|p2a: Corviknight|46/100|[from] item: Leftovers
|-heal|p1a: Gnomed|59/100|[from] item: Leftovers
|upkeep
|turn|15
|
|switch|p1a: Hot spot 😎|Centiskorch, M, shiny|100/100
|-damage|p1a: Hot spot 😎|50/100|[from] Stealth Rock
|move|p2a: Corviknight|Roost|p2a: Corviknight
|-heal|p2a: Corviknight|96/100
|-singleturn|p2a: Corviknight|move: Roost
|
|-heal|p2a: Corviknight|100/100|[from] item: Leftovers
|upkeep
|turn|16
|
|switch|p2a: Dragapult|Dragapult, M|100/100
|move|p1a: Hot spot 😎|Leech Life|p2a: Dragapult
|-resisted|p2a: Dragapult
|-damage|p2a: Dragapult|79/100
|-heal|p1a: Hot spot 😎|60/100|[from] drain|[of] p2a: Dragapult
|
|-heal|p2a: Dragapult|85/100|[from] item: Leftovers
|upkeep
|turn|17
|
|move|p2a: Dragapult|Hex|p1a: Hot spot 😎
|-damage|p1a: Hot spot 😎|33/100
|move|p1a: Hot spot 😎|Leech Life|p2a: Dragapult
|-resisted|p2a: Dragapult
|-damage|p2a: Dragapult|63/100
|-heal|p1a: Hot spot 😎|43/100|[from] drain|[of] p2a: Dragapult
|
|-heal|p2a: Dragapult|69/100|[from] item: Leftovers
|upkeep
|turn|18
|
|move|p2a: Dragapult|Substitute|p2a: Dragapult
|-start|p2a: Dragapult|Substitute
|-damage|p2a: Dragapult|44/100
|move|p1a: Hot spot 😎|Leech Life|p2a: Dragapult
|-resisted|p2a: Dragapult
|-activate|p2a: Dragapult|move: Substitute|[damage]
|-heal|p1a: Hot spot 😎|54/100|[from] drain|[of] p2a: Dragapult
|
|-heal|p2a: Dragapult|50/100|[from] item: Leftovers
|upkeep
|turn|19
|
|move|p2a: Dragapult|Hex|p1a: Hot spot 😎
|-damage|p1a: Hot spot 😎|27/100
|move|p1a: Hot spot 😎|Leech Life|p2a: Dragapult
|-resisted|p2a: Dragapult
|-end|p2a: Dragapult|Substitute
|-heal|p1a: Hot spot 😎|27/100|[from] drain|[of] p2a: Dragapult
|
|-heal|p2a: Dragapult|57/100|[from] item: Leftovers
|upkeep
|turn|20
|
|move|p2a: Dragapult|Hex|p1a: Hot spot 😎
|-damage|p1a: Hot spot 😎|2/100
|-enditem|p1a: Hot spot 😎|Mago Berry|[eat]
|-heal|p1a: Hot spot 😎|35/100|[from] item: Mago Berry
|move|p1a: Hot spot 😎|Leech Life|p2a: Dragapult
|-resisted|p2a: Dragapult
|-damage|p2a: Dragapult|32/100
|-heal|p1a: Hot spot 😎|46/100|[from] drain|[of] p2a: Dragapult
|
|-heal|p2a: Dragapult|39/100|[from] item: Leftovers
|upkeep
|turn|21
|
|move|p2a: Dragapult|Substitute|p2a: Dragapult
|-start|p2a: Dragapult|Substitute
|-damage|p2a: Dragapult|14/100
|move|p1a: Hot spot 😎|Leech Life|p2a: Dragapult
|-resisted|p2a: Dragapult
|-activate|p2a: Dragapult|move: Substitute|[damage]
|-heal|p1a: Hot spot 😎|56/100|[from] drain|[of] p2a: Dragapult
|
|-heal|p2a: Dragapult|20/100|[from] item: Leftovers
|upkeep
|turn|22
|
|move|p2a: Dragapult|Hex|p1a: Hot spot 😎
|-damage|p1a: Hot spot 😎|29/100
|move|p1a: Hot spot 😎|Leech Life|p2a: Dragapult
|-resisted|p2a: Dragapult
|-end|p2a: Dragapult|Substitute
|-heal|p1a: Hot spot 😎|30/100|[from] drain|[of] p2a: Dragapult
|
|-heal|p2a: Dragapult|26/100|[from] item: Leftovers
|upkeep
|turn|23
|
|move|p2a: Dragapult|Disable|p1a: Hot spot 😎
|-start|p1a: Hot spot 😎|Disable|Leech Life
|cant|p1a: Hot spot 😎|Disable|Leech Life
|
|-heal|p2a: Dragapult|32/100|[from] item: Leftovers
|upkeep
|turn|24
|
|move|p2a: Dragapult|Hex|p1a: Hot spot 😎
|-damage|p1a: Hot spot 😎|5/100
|move|p1a: Hot spot 😎|Fire Lash|p2a: Dragapult
|-resisted|p2a: Dragapult
|-damage|p2a: Dragapult|8/100
|-unboost|p2a: Dragapult|def|1
|
|-heal|p2a: Dragapult|14/100|[from] item: Leftovers
|upkeep
|turn|25
|
|move|p2a: Dragapult|Hex|p1a: Hot spot 😎
|-damage|p1a: Hot spot 😎|0 fnt
|faint|p1a: Hot spot 😎
|
|-heal|p2a: Dragapult|20/100|[from] item: Leftovers
|upkeep
|
|switch|p1a: Gnomed|Grimmsnarl, M|59/100
|-damage|p1a: Gnomed|46/100|[from] Stealth Rock
|-item|p2a: Dragapult|Leftovers|[from] ability: Frisk|[of] p1a: Gnomed|[identify]
|turn|26
|
|switch|p2a: Corviknight|Corviknight, M|100/100
|move|p1a: Gnomed|Spirit Break|p2a: Corviknight
|-resisted|p2a: Corviknight
|-damage|p2a: Corviknight|90/100
|-ability|p2a: Corviknight|Mirror Armor
|-unboost|p1a: Gnomed|spa|1
|
|-heal|p2a: Corviknight|97/100|[from] item: Leftovers
|-heal|p1a: Gnomed|52/100|[from] item: Leftovers
|upkeep
|turn|27
|
|switch|p1a: Bruh|Ditto|100/100
|-damage|p1a: Bruh|88/100|[from] Stealth Rock
|-transform|p1a: Bruh|p2a: Corviknight|[from] ability: Imposter
|move|p2a: Corviknight|Iron Head|p1a: Bruh
|-resisted|p1a: Bruh
|-damage|p1a: Bruh|77/100
|
|-heal|p2a: Corviknight|100/100|[from] item: Leftovers
|upkeep
|turn|28
|
|move|p1a: Bruh|Defog|p2a: Corviknight
|-ability|p2a: Corviknight|Mirror Armor
|-unboost|p1a: Bruh|evasion|1
|-sideend|p1: Velho aidetico|Stealth Rock|[from] move: Defog|[of] p1a: Bruh
|move|p2a: Corviknight|U-turn|p1a: Bruh
|-resisted|p1a: Bruh
|-damage|p1a: Bruh|73/100
|
|switch|p2a: Dragapult|Dragapult, M|20/100|[from]move: U-turn
|
|-heal|p2a: Dragapult|26/100|[from] item: Leftovers
|upkeep
|turn|29
|
|switch|p1a: Onolosé|Crawdaunt, F|100/100
|move|p2a: Dragapult|Will-O-Wisp|p1a: Onolosé
|-status|p1a: Onolosé|brn
|
|-heal|p2a: Dragapult|32/100|[from] item: Leftovers
|-damage|p1a: Onolosé|95/100 brn|[from] brn
|upkeep
|turn|30
|
|switch|p2a: Seismitoad|Seismitoad, M|100/100
|move|p1a: Onolosé|Knock Off|p2a: Seismitoad
|-damage|p2a: Seismitoad|79/100
|-enditem|p2a: Seismitoad|Leftovers|[from] move: Knock Off|[of] p1a: Onolosé
|
|-damage|p1a: Onolosé|89/100 brn|[from] brn
|upkeep
|turn|31
|
|switch|p1a: Bruh|Ditto|73/100
|-transform|p1a: Bruh|p2a: Seismitoad|[from] ability: Imposter
|move|p2a: Seismitoad|Stealth Rock|p1a: Bruh
|-sidestart|p1: Velho aidetico|move: Stealth Rock
|
|upkeep
|turn|32
|
|move|p1a: Bruh|Stealth Rock|p2a: Seismitoad
|-sidestart|p2: abkwhvjabhdvkh|move: Stealth Rock
|move|p2a: Seismitoad|Toxic|p1a: Bruh
|-status|p1a: Bruh|tox
|
|-damage|p1a: Bruh|67/100 tox|[from] psn
|upkeep
|turn|33
|
|switch|p1a: Onolosé|Crawdaunt, F|89/100 brn
|-damage|p1a: Onolosé|76/100 brn|[from] Stealth Rock
|switch|p2a: Corviknight|Corviknight, M|100/100
|-damage|p2a: Corviknight|88/100|[from] Stealth Rock
|
|-heal|p2a: Corviknight|94/100|[from] item: Leftovers
|-damage|p1a: Onolosé|70/100 brn|[from] brn
|upkeep
|turn|34
|
|move|p1a: Onolosé|Knock Off|p2a: Corviknight
|-damage|p2a: Corviknight|74/100
|-enditem|p2a: Corviknight|Leftovers|[from] move: Knock Off|[of] p1a: Onolosé
|move|p2a: Corviknight|U-turn|p1a: Onolosé
|-supereffective|p1a: Onolosé
|-damage|p1a: Onolosé|27/100 brn
|
|switch|p2a: Seismitoad|Seismitoad, M|79/100|[from]move: U-turn
|-damage|p2a: Seismitoad|73/100|[from] Stealth Rock
|
|-damage|p1a: Onolosé|21/100 brn|[from] brn
|upkeep
|-enditem|p1a: Onolosé|Iapapa Berry|[eat]
|-heal|p1a: Onolosé|54/100 brn|[from] item: Iapapa Berry
|turn|35
|
|move|p1a: Onolosé|Dragon Dance|p1a: Onolosé
|-boost|p1a: Onolosé|atk|1
|-boost|p1a: Onolosé|spe|1
|move|p2a: Seismitoad|Earth Power|p1a: Onolosé
|-damage|p1a: Onolosé|0 fnt
|faint|p1a: Onolosé
|
|upkeep
|
|switch|p1a: Gnomed|Grimmsnarl, M|52/100
|-damage|p1a: Gnomed|40/100|[from] Stealth Rock
|turn|36
|
|switch|p2a: Corviknight|Corviknight, M|74/100
|-damage|p2a: Corviknight|61/100|[from] Stealth Rock
|move|p1a: Gnomed|Substitute|p1a: Gnomed
|-start|p1a: Gnomed|Substitute
|-damage|p1a: Gnomed|15/100
|
|-heal|p1a: Gnomed|21/100|[from] item: Leftovers
|upkeep
|turn|37
|
|move|p2a: Corviknight|Roost|p2a: Corviknight
|-heal|p2a: Corviknight|100/100
|-singleturn|p2a: Corviknight|move: Roost
|move|p1a: Gnomed|Darkest Lariat|p2a: Corviknight
|-damage|p2a: Corviknight|77/100
|
|-heal|p1a: Gnomed|27/100|[from] item: Leftovers
|upkeep
|turn|38
|
|move|p2a: Corviknight|Iron Head|p1a: Gnomed
|-supereffective|p1a: Gnomed
|-end|p1a: Gnomed|Substitute
|move|p1a: Gnomed|Darkest Lariat|p2a: Corviknight
|-damage|p2a: Corviknight|54/100
|
|-heal|p1a: Gnomed|33/100|[from] item: Leftovers
|upkeep
|turn|39
|
|move|p2a: Corviknight|Iron Head|p1a: Gnomed
|-supereffective|p1a: Gnomed
|-damage|p1a: Gnomed|0 fnt
|faint|p1a: Gnomed
|
|upkeep
|
|switch|p1a: Bruh|Ditto|67/100 tox
|-damage|p1a: Bruh|55/100 tox|[from] Stealth Rock
|-transform|p1a: Bruh|p2a: Corviknight|[from] ability: Imposter
|turn|40
|
|move|p1a: Bruh|Iron Head|p2a: Corviknight
|-resisted|p2a: Corviknight
|-damage|p2a: Corviknight|46/100
|move|p2a: Corviknight|Defog|p1a: Bruh
|-ability|p1a: Bruh|Mirror Armor
|-unboost|p2a: Corviknight|evasion|1
|-sideend|p1: Velho aidetico|Stealth Rock|[from] move: Defog|[of] p2a: Corviknight
|-sideend|p2: abkwhvjabhdvkh|Stealth Rock|[from] move: Defog|[of] p2a: Corviknight
|
|-damage|p1a: Bruh|49/100 tox|[from] psn
|upkeep
|turn|41
|-message|Velho aidetico forfeited.
|
|win|abkwhvjabhdvkh
|l|☆Velho aidetico
|raw|Velho aidetico's rating: 1052 → 1035(-17 for losing)
|raw|abkwhvjabhdvkh's rating: 1070 → 1098(+28 for winning)
