|ScrapeTime|2020-01-01-15:25:10
|j|☆Lfcmmf
|j|☆C1K
|player|p1|Lfcmmf|pryce|1566
|player|p2|C1K|266|1576
|teamsize|p1|6
|teamsize|p2|6
|gametype|singles
|gen|8
|tier|[Gen 8] OU
|rated|
|rule|Sleep Clause Mod: Limit one foe put to sleep
|rule|Species Clause: Limit one of each Pokémon
|rule|OHKO Clause: OHKO moves are banned
|rule|Evasion Moves Clause: Evasion moves are banned
|rule|Endless Battle Clause: Forcing endless battles is banned
|rule|HP Percentage Mod: HP is shown in percentages
|clearpoke
|poke|p1|Excadrill, F|
|poke|p1|Aegislash, M|
|poke|p1|Hydreigon, F|
|poke|p1|Corviknight, M|
|poke|p1|Conkeldurr, F|
|poke|p1|Tyranitar, M|
|poke|p2|Hydreigon, M|
|poke|p2|Dragapult, M|
|poke|p2|Rotom-Heat|
|poke|p2|Seismitoad, M|
|poke|p2|Corviknight, F|
|poke|p2|Crawdaunt, F|
|rule|Dynamax Clause: You cannot dynamax
|teampreview
|
|start
|switch|p1a: Conkeldurr|Conkeldurr, F|100/100
|switch|p2a: Dragapult|Dragapult, M|100/100
|turn|1
|j| youjjj
|
|switch|p1a: Tyranitar|Tyranitar, M|100/100
|-weather|Sandstorm|[from] ability: Sand Stream|[of] p1a: Tyranitar
|move|p2a: Dragapult|U-turn|p1a: Tyranitar
|-supereffective|p1a: Tyranitar
|-damage|p1a: Tyranitar|75/100
|l| youjjj
|
|switch|p2a: Crawdaunt|Crawdaunt, F|100/100|[from]move: U-turn
|
|-weather|Sandstorm|[upkeep]
|-damage|p2a: Crawdaunt|95/100|[from] Sandstorm
|upkeep
|turn|2
|
|move|p2a: Crawdaunt|Liquidation|p1a: Tyranitar
|-supereffective|p1a: Tyranitar
|-damage|p1a: Tyranitar|0 fnt
|-damage|p2a: Crawdaunt|85/100|[from] item: Life Orb
|faint|p1a: Tyranitar
|
|-weather|Sandstorm|[upkeep]
|-damage|p2a: Crawdaunt|79/100|[from] Sandstorm
|upkeep
|
|switch|p1a: Excadrill|Excadrill, F|100/100
|turn|3
|
|switch|p2a: Corviknight|Corviknight, F|100/100
|move|p1a: Excadrill|Earthquake|p2a: Corviknight
|-immune|p2a: Corviknight
|
|-weather|Sandstorm|[upkeep]
|upkeep
|turn|4
|
|switch|p1a: Corviknight|Corviknight, M|100/100
|move|p2a: Corviknight|U-turn|p1a: Corviknight
|-resisted|p1a: Corviknight
|-crit|p1a: Corviknight
|-damage|p1a: Corviknight|96/100
|
|switch|p2a: Crawdaunt|Crawdaunt, F|79/100|[from]move: U-turn
|
|-weather|Sandstorm|[upkeep]
|-damage|p2a: Crawdaunt|73/100|[from] Sandstorm
|-heal|p1a: Corviknight|100/100|[from] item: Leftovers
|upkeep
|turn|5
|
|move|p2a: Crawdaunt|Knock Off|p1a: Corviknight
|-damage|p1a: Corviknight|30/100
|-enditem|p1a: Corviknight|Leftovers|[from] move: Knock Off|[of] p2a: Crawdaunt
|-damage|p2a: Crawdaunt|63/100|[from] item: Life Orb
|move|p1a: Corviknight|Bulk Up|p1a: Corviknight
|-boost|p1a: Corviknight|atk|1
|-boost|p1a: Corviknight|def|1
|
|-weather|Sandstorm|[upkeep]
|-damage|p2a: Crawdaunt|57/100|[from] Sandstorm
|upkeep
|turn|6
|
|move|p2a: Crawdaunt|Liquidation|p1a: Corviknight
|-damage|p1a: Corviknight|0 fnt
|-damage|p2a: Crawdaunt|48/100|[from] item: Life Orb
|faint|p1a: Corviknight
|
|-weather|Sandstorm|[upkeep]
|-damage|p2a: Crawdaunt|42/100|[from] Sandstorm
|upkeep
|
|switch|p1a: Conkeldurr|Conkeldurr, F|100/100
|turn|7
|
|switch|p2a: Dragapult|Dragapult, M|100/100
|move|p1a: Conkeldurr|Earthquake|p2a: Dragapult
|-damage|p2a: Dragapult|45/100
|
|-weather|Sandstorm|[upkeep]
|-damage|p2a: Dragapult|39/100|[from] Sandstorm
|-damage|p1a: Conkeldurr|94/100|[from] Sandstorm
|-status|p1a: Conkeldurr|brn|[from] item: Flame Orb
|upkeep
|turn|8
|
|move|p2a: Dragapult|U-turn|p1a: Conkeldurr
|-resisted|p1a: Conkeldurr
|-damage|p1a: Conkeldurr|87/100 brn
|
|switch|p2a: Corviknight|Corviknight, F|100/100|[from]move: U-turn
|move|p1a: Conkeldurr|Earthquake|p2a: Corviknight
|-immune|p2a: Corviknight
|
|-weather|none
|-damage|p1a: Conkeldurr|81/100 brn|[from] brn
|upkeep
|turn|9
|
|move|p2a: Corviknight|Iron Head|p1a: Conkeldurr
|-damage|p1a: Conkeldurr|61/100 brn
|move|p1a: Conkeldurr|Thunder Punch|p2a: Corviknight
|-supereffective|p2a: Corviknight
|-damage|p2a: Corviknight|31/100
|
|-heal|p2a: Corviknight|38/100|[from] item: Leftovers
|-damage|p1a: Conkeldurr|55/100 brn|[from] brn
|upkeep
|turn|10
|
|move|p2a: Corviknight|U-turn|p1a: Conkeldurr
|-resisted|p1a: Conkeldurr
|-damage|p1a: Conkeldurr|49/100 brn
|
|switch|p2a: Seismitoad|Seismitoad, M|100/100|[from]move: U-turn
|move|p1a: Conkeldurr|Close Combat|p2a: Seismitoad
|-damage|p2a: Seismitoad|3/100
|-unboost|p1a: Conkeldurr|def|1
|-unboost|p1a: Conkeldurr|spd|1
|
|-heal|p2a: Seismitoad|9/100|[from] item: Leftovers
|-damage|p1a: Conkeldurr|43/100 brn|[from] brn
|upkeep
|turn|11
|
|move|p2a: Seismitoad|Stealth Rock|p1a: Conkeldurr
|-sidestart|p1: Lfcmmf|move: Stealth Rock
|move|p1a: Conkeldurr|Earthquake|p2a: Seismitoad
|-damage|p2a: Seismitoad|0 fnt
|faint|p2a: Seismitoad
|
|-damage|p1a: Conkeldurr|37/100 brn|[from] brn
|upkeep
|
|switch|p2a: Dragapult|Dragapult, M|39/100
|turn|12
|
|move|p2a: Dragapult|Shadow Ball|p1a: Conkeldurr
|-damage|p1a: Conkeldurr|0 fnt
|faint|p1a: Conkeldurr
|
|upkeep
|
|switch|p1a: Aegislash|Aegislash, M|100/100
|-damage|p1a: Aegislash|94/100|[from] Stealth Rock
|turn|13
|
|switch|p2a: Corviknight|Corviknight, F|38/100
|-formechange|p1a: Aegislash|Aegislash-Blade||[from] ability: Stance Change
|move|p1a: Aegislash|Shadow Sneak|p2a: Corviknight
|-damage|p2a: Corviknight|23/100
|
|-heal|p2a: Corviknight|29/100|[from] item: Leftovers
|-heal|p1a: Aegislash|100/100|[from] item: Leftovers
|upkeep
|turn|14
|
|move|p2a: Corviknight|Roost|p2a: Corviknight
|-heal|p2a: Corviknight|79/100
|-singleturn|p2a: Corviknight|move: Roost
|move|p1a: Aegislash|Shadow Ball|p2a: Corviknight
|-damage|p2a: Corviknight|53/100
|
|-heal|p2a: Corviknight|59/100|[from] item: Leftovers
|upkeep
|turn|15
|
|switch|p1a: Hydreigon|Hydreigon, F|100/100
|-damage|p1a: Hydreigon|88/100|[from] Stealth Rock
|move|p2a: Corviknight|Iron Head|p1a: Hydreigon
|-damage|p1a: Hydreigon|60/100
|
|-heal|p1a: Hydreigon|66/100|[from] item: Leftovers
|-heal|p2a: Corviknight|66/100|[from] item: Leftovers
|upkeep
|turn|16
|
|move|p1a: Hydreigon|Dark Pulse|p2a: Corviknight
|-crit|p2a: Corviknight
|-damage|p2a: Corviknight|24/100
|cant|p2a: Corviknight|flinch
|
|-heal|p1a: Hydreigon|72/100|[from] item: Leftovers
|-heal|p2a: Corviknight|30/100|[from] item: Leftovers
|upkeep
|turn|17
|
|move|p1a: Hydreigon|Dark Pulse|p2a: Corviknight
|-damage|p2a: Corviknight|1/100
|move|p2a: Corviknight|Roost|p2a: Corviknight
|-heal|p2a: Corviknight|51/100
|-singleturn|p2a: Corviknight|move: Roost
|
|-heal|p1a: Hydreigon|78/100|[from] item: Leftovers
|-heal|p2a: Corviknight|58/100|[from] item: Leftovers
|upkeep
|turn|18
|
|move|p1a: Hydreigon|Dark Pulse|p2a: Corviknight
|-damage|p2a: Corviknight|29/100
|move|p2a: Corviknight|U-turn|p1a: Hydreigon
|-supereffective|p1a: Hydreigon
|-damage|p1a: Hydreigon|47/100
|
|switch|p2a: Dragapult|Dragapult, M|39/100|[from]move: U-turn
|
|-heal|p1a: Hydreigon|53/100|[from] item: Leftovers
|upkeep
|turn|19
|
|switch|p1a: Excadrill|Excadrill, F|100/100
|-damage|p1a: Excadrill|97/100|[from] Stealth Rock
|move|p2a: Dragapult|U-turn|p1a: Excadrill
|-resisted|p1a: Excadrill
|-damage|p1a: Excadrill|85/100
|
|switch|p2a: Crawdaunt|Crawdaunt, F|42/100|[from]move: U-turn
|
|upkeep
|turn|20
|
|move|p2a: Crawdaunt|Aqua Jet|p1a: Excadrill
|-supereffective|p1a: Excadrill
|-damage|p1a: Excadrill|0 fnt
|-damage|p2a: Crawdaunt|32/100|[from] item: Life Orb
|faint|p1a: Excadrill
|
|upkeep
|
|switch|p1a: Aegislash|Aegislash, M|100/100
|-damage|p1a: Aegislash|94/100|[from] Stealth Rock
|turn|21
|
|move|p2a: Crawdaunt|Knock Off|p1a: Aegislash
|-supereffective|p1a: Aegislash
|-damage|p1a: Aegislash|0 fnt
|-enditem|p1a: Aegislash|Leftovers|[from] move: Knock Off|[of] p2a: Crawdaunt
|-damage|p2a: Crawdaunt|22/100|[from] item: Life Orb
|faint|p1a: Aegislash
|
|upkeep
|
|switch|p1a: Hydreigon|Hydreigon, F|53/100
|-damage|p1a: Hydreigon|41/100|[from] Stealth Rock
|turn|22
|
|move|p2a: Crawdaunt|Aqua Jet|p1a: Hydreigon
|-resisted|p1a: Hydreigon
|-damage|p1a: Hydreigon|20/100
|-damage|p2a: Crawdaunt|12/100|[from] item: Life Orb
|move|p1a: Hydreigon|Dark Pulse|p2a: Crawdaunt
|-resisted|p2a: Crawdaunt
|-damage|p2a: Crawdaunt|0 fnt
|faint|p2a: Crawdaunt
|
|-heal|p1a: Hydreigon|26/100|[from] item: Leftovers
|upkeep
|
|switch|p2a: Dragapult|Dragapult, M|39/100
|turn|23
|
|move|p2a: Dragapult|U-turn|p1a: Hydreigon
|-supereffective|p1a: Hydreigon
|-damage|p1a: Hydreigon|0 fnt
|faint|p1a: Hydreigon
|
|win|C1K
|raw|Lfcmmf's rating: 1566 → 1546(-20 for losing)
|raw|C1K's rating: 1575 → 1595(+20 for winning)
|l|☆Lfcmmf
