|ScrapeTime|2020-01-01-14:46:05
|j|☆ferroshit
|j|☆Epiro
|player|p1|ferroshit|steven|1294
|player|p2|Epiro|238|1246
|teamsize|p1|6
|teamsize|p2|6
|gametype|singles
|gen|8
|tier|[Gen 8] OU
|rated|
|rule|Sleep Clause Mod: Limit one foe put to sleep
|rule|Species Clause: Limit one of each Pokémon
|rule|OHKO Clause: OHKO moves are banned
|rule|Evasion Moves Clause: Evasion moves are banned
|rule|Endless Battle Clause: Forcing endless battles is banned
|rule|HP Percentage Mod: HP is shown in percentages
|clearpoke
|poke|p1|Dracovish|
|poke|p1|Excadrill, F|
|poke|p1|Dracozolt|
|poke|p1|Pelipper, M|
|poke|p1|Barraskewda, F|
|poke|p1|Ludicolo, M|
|poke|p2|Aegislash, F|
|poke|p2|Clefable, M|
|poke|p2|Hawlucha, M|
|poke|p2|Tyranitar, F|
|poke|p2|Excadrill, M|
|poke|p2|Dragapult, F|
|rule|Dynamax Clause: You cannot dynamax
|teampreview
|inactive|Battle timer is ON: inactive players will automatically lose when time's up. (requested by ferroshit)
|
|start
|switch|p1a: Pelipper|Pelipper, M|100/100
|switch|p2a: Dragapult|Dragapult, F|100/100
|-weather|RainDance|[from] ability: Drizzle|[of] p1a: Pelipper
|turn|1
|
|switch|p1a: Excadrill|Excadrill, F|100/100
|move|p2a: Dragapult|Thunderbolt|p1a: Excadrill
|-immune|p1a: Excadrill
|
|-weather|RainDance|[upkeep]
|upkeep
|turn|2
|
|switch|p2a: Aegislash|Aegislash, F|100/100
|move|p1a: Excadrill|Rock Tomb|p2a: Aegislash
|-resisted|p2a: Aegislash
|-damage|p2a: Aegislash|92/100
|-unboost|p2a: Aegislash|spe|1
|
|-weather|RainDance|[upkeep]
|upkeep
|turn|3
|
|move|p2a: Aegislash|King's Shield|p2a: Aegislash
|-singleturn|p2a: Aegislash|Protect
|move|p1a: Excadrill|Earthquake|p2a: Aegislash
|-activate|p2a: Aegislash|move: Protect
|
|-weather|RainDance|[upkeep]
|upkeep
|turn|4
|
|move|p1a: Excadrill|Earthquake|p2a: Aegislash
|-supereffective|p2a: Aegislash
|-damage|p2a: Aegislash|5/100
|-formechange|p2a: Aegislash|Aegislash-Blade||[from] ability: Stance Change
|move|p2a: Aegislash|Sacred Sword|p1a: Excadrill
|-supereffective|p1a: Excadrill
|-damage|p1a: Excadrill|0 fnt
|-damage|p2a: Aegislash|0 fnt|[from] item: Life Orb
|faint|p1a: Excadrill
|faint|p2a: Aegislash
|
|-weather|RainDance|[upkeep]
|upkeep
|inactive|Epiro has 120 seconds left.
|
|switch|p1a: Ludicolo|Ludicolo, M|100/100
|switch|p2a: Dragapult|Dragapult, F|100/100
|turn|5
|inactive|Epiro has 120 seconds left.
|
|move|p1a: Ludicolo|Ice Beam|p2a: Dragapult
|-supereffective|p2a: Dragapult
|-damage|p2a: Dragapult|27/100
|move|p2a: Dragapult|Shadow Ball|p1a: Ludicolo
|-damage|p1a: Ludicolo|44/100
|
|-weather|none
|-heal|p1a: Ludicolo|50/100|[from] item: Leftovers
|upkeep
|turn|6
|inactive|Epiro has 120 seconds left.
|
|switch|p1a: Pelipper|Pelipper, M|100/100
|-weather|RainDance|[from] ability: Drizzle|[of] p1a: Pelipper
|move|p2a: Dragapult|Shadow Ball|p1a: Pelipper
|-damage|p1a: Pelipper|22/100
|
|-weather|RainDance|[upkeep]
|-heal|p1a: Pelipper|29/100|[from] item: Leftovers
|upkeep
|turn|7
|inactive|Epiro has 120 seconds left.
|
|move|p2a: Dragapult|Shadow Ball|p1a: Pelipper
|-damage|p1a: Pelipper|0 fnt
|faint|p1a: Pelipper
|
|-weather|RainDance|[upkeep]
|upkeep
|
|switch|p1a: Barraskewda|Barraskewda, F|100/100
|turn|8
|
|move|p1a: Barraskewda|Liquidation|p2a: Dragapult
|-resisted|p2a: Dragapult
|-damage|p2a: Dragapult|0 fnt
|-damage|p1a: Barraskewda|91/100|[from] item: Life Orb
|faint|p2a: Dragapult
|
|-weather|RainDance|[upkeep]
|upkeep
|inactive|Epiro has 120 seconds left.
|
|switch|p2a: Tyranitar|Tyranitar, F|100/100
|-weather|Sandstorm|[from] ability: Sand Stream|[of] p2a: Tyranitar
|turn|9
|inactive|Epiro has 120 seconds left.
|
|move|p1a: Barraskewda|Liquidation|p2a: Tyranitar
|-supereffective|p2a: Tyranitar
|-damage|p2a: Tyranitar|15/100
|-unboost|p2a: Tyranitar|def|1
|-damage|p1a: Barraskewda|81/100|[from] item: Life Orb
|move|p2a: Tyranitar|Crunch|p1a: Barraskewda
|-damage|p1a: Barraskewda|11/100
|
|-weather|Sandstorm|[upkeep]
|-damage|p1a: Barraskewda|5/100|[from] Sandstorm
|upkeep
|turn|10
|inactive|Epiro has 120 seconds left.
|
|move|p1a: Barraskewda|Liquidation|p2a: Tyranitar
|-supereffective|p2a: Tyranitar
|-damage|p2a: Tyranitar|0 fnt
|-damage|p1a: Barraskewda|0 fnt|[from] item: Life Orb
|faint|p2a: Tyranitar
|faint|p1a: Barraskewda
|
|-weather|Sandstorm|[upkeep]
|upkeep
|inactive|Epiro has 120 seconds left.
|
|switch|p1a: Ludicolo|Ludicolo, M|50/100
|switch|p2a: Excadrill|Excadrill, M|100/100
|turn|11
|inactive|Epiro has 120 seconds left.
|
|move|p2a: Excadrill|Rock Slide|p1a: Ludicolo
|-damage|p1a: Ludicolo|4/100
|move|p1a: Ludicolo|Giga Drain|p2a: Excadrill
|-damage|p2a: Excadrill|68/100
|-heal|p1a: Ludicolo|24/100|[from] drain|[of] p2a: Excadrill
|
|-weather|Sandstorm|[upkeep]
|-damage|p1a: Ludicolo|18/100|[from] Sandstorm
|-heal|p1a: Ludicolo|24/100|[from] item: Leftovers
|upkeep
|turn|12
|
|switch|p1a: Dracozolt|Dracozolt|100/100
|move|p2a: Excadrill|Rock Slide|p1a: Dracozolt
|-damage|p1a: Dracozolt|65/100
|
|-weather|Sandstorm|[upkeep]
|-damage|p1a: Dracozolt|58/100|[from] Sandstorm
|upkeep
|turn|13
|
|switch|p1a: Ludicolo|Ludicolo, M|24/100
|move|p2a: Excadrill|Earthquake|p1a: Ludicolo
|-resisted|p1a: Ludicolo
|-damage|p1a: Ludicolo|0 fnt
|faint|p1a: Ludicolo
|
|-weather|none
|upkeep
|
|switch|p1a: He bites|Dracovish, shiny|100/100
|turn|14
|inactive|Epiro has 120 seconds left.
|
|move|p2a: Excadrill|Earthquake|p1a: He bites
|-damage|p1a: He bites|39/100
|move|p1a: He bites|Fishious Rend|p2a: Excadrill
|-supereffective|p2a: Excadrill
|-damage|p2a: Excadrill|0 fnt
|faint|p2a: Excadrill
|
|upkeep
|
|switch|p2a: Hawlucha|Hawlucha, M|100/100
|turn|15
|inactive|Epiro has 120 seconds left.
|
|move|p2a: Hawlucha|Close Combat|p1a: He bites
|-damage|p1a: He bites|0 fnt
|-unboost|p2a: Hawlucha|def|1
|-unboost|p2a: Hawlucha|spd|1
|-enditem|p2a: Hawlucha|White Herb
|-clearnegativeboost|p2a: Hawlucha|[silent]
|faint|p1a: He bites
|
|upkeep
|
|switch|p1a: Dracozolt|Dracozolt|58/100
|turn|16
|
|move|p2a: Hawlucha|Close Combat|p1a: Dracozolt
|-damage|p1a: Dracozolt|0 fnt
|-unboost|p2a: Hawlucha|def|1
|-unboost|p2a: Hawlucha|spd|1
|faint|p1a: Dracozolt
|
|win|Epiro
|raw|ferroshit's rating: 1294 → 1265(-29 for losing)
|raw|Epiro's rating: 1246 → 1275(+29 for winning)
|l|☆ferroshit
