|ScrapeTime|2020-01-01-17:58:36
|j|☆Jottun Aegirson
|j|☆SofiaHdzMeldendez
|player|p1|Jottun Aegirson|pokemaniac|1165
|player|p2|SofiaHdzMeldendez|elesa|1110
|teamsize|p1|6
|teamsize|p2|6
|gametype|singles
|gen|8
|tier|[Gen 8] OU
|rated|
|rule|Sleep Clause Mod: Limit one foe put to sleep
|rule|Species Clause: Limit one of each Pokémon
|rule|OHKO Clause: OHKO moves are banned
|rule|Evasion Moves Clause: Evasion moves are banned
|rule|Endless Battle Clause: Forcing endless battles is banned
|rule|HP Percentage Mod: HP is shown in percentages
|clearpoke
|poke|p1|Hatterene, F|
|poke|p1|Runerigus, M|
|poke|p1|Copperajah, F|
|poke|p1|Conkeldurr, M|
|poke|p1|Dracovish|
|poke|p1|Musharna, F|
|poke|p2|Conkeldurr, M|
|poke|p2|Aegislash, M|
|poke|p2|Seismitoad, M|
|poke|p2|Mandibuzz, F|
|poke|p2|Centiskorch, M|
|poke|p2|Hydreigon, M|
|rule|Dynamax Clause: You cannot dynamax
|teampreview
|inactive|Battle timer is ON: inactive players will automatically lose when time's up. (requested by Jottun Aegirson)
|
|start
|switch|p1a: Runerigus|Runerigus, M|100/100
|switch|p2a: Aegislash|Aegislash, M|100/100
|turn|1
|
|move|p2a: Aegislash|Substitute|p2a: Aegislash
|-start|p2a: Aegislash|Substitute
|-damage|p2a: Aegislash|76/100
|move|p1a: Runerigus|Trick Room|p1a: Runerigus
|-fieldstart|move: Trick Room|[of] p1a: Runerigus
|
|-heal|p2a: Aegislash|82/100|[from] item: Leftovers
|upkeep
|turn|2
|
|move|p2a: Aegislash|King's Shield|p2a: Aegislash
|-singleturn|p2a: Aegislash|Protect
|move|p1a: Runerigus|Taunt|p2a: Aegislash
|-start|p2a: Aegislash|move: Taunt
|
|-heal|p2a: Aegislash|88/100|[from] item: Leftovers
|upkeep
|turn|3
|
|move|p1a: Runerigus|Memento||[still]
|-fail|p1a: Runerigus
|-formechange|p2a: Aegislash|Aegislash-Blade||[from] ability: Stance Change
|move|p2a: Aegislash|Shadow Ball|p1a: Runerigus
|-supereffective|p1a: Runerigus
|-damage|p1a: Runerigus|21/100
|
|-heal|p2a: Aegislash|94/100|[from] item: Leftovers
|upkeep
|turn|4
|
|move|p1a: Runerigus|Stealth Rock|p2a: Aegislash
|-sidestart|p2: SofiaHdzMeldendez|move: Stealth Rock
|move|p2a: Aegislash|Shadow Ball|p1a: Runerigus
|-supereffective|p1a: Runerigus
|-damage|p1a: Runerigus|0 fnt
|faint|p1a: Runerigus
|
|-heal|p2a: Aegislash|99/100|[from] item: Leftovers
|upkeep
|
|switch|p1a: Copperajah|Copperajah, F|100/100
|turn|5
|
|move|p1a: Copperajah|Heat Crash|p2a: Aegislash
|-supereffective|p2a: Aegislash
|-end|p2a: Aegislash|Substitute
|-damage|p1a: Copperajah|91/100|[from] item: Life Orb
|move|p2a: Aegislash|Shadow Ball|p1a: Copperajah
|-damage|p1a: Copperajah|40/100
|
|-heal|p2a: Aegislash|100/100|[from] item: Leftovers
|-end|p2a: Aegislash|move: Taunt
|-fieldend|move: Trick Room
|upkeep
|turn|6
|
|switch|p1a: Musharna|Musharna, F|100/100
|-activate|p1a: Musharna|ability: Forewarn|Flash Cannon|[of] p2a: Aegislash
|move|p2a: Aegislash|Shadow Ball|p1a: Musharna
|-supereffective|p1a: Musharna
|-enditem|p1a: Musharna|Kasib Berry|[eat]
|-enditem|p1a: Musharna|Kasib Berry|[weaken]
|-damage|p1a: Musharna|69/100
|
|upkeep
|turn|7
|
|move|p2a: Aegislash|Shadow Ball|p1a: Musharna
|-supereffective|p1a: Musharna
|-damage|p1a: Musharna|11/100
|move|p1a: Musharna|Trick Room|p1a: Musharna
|-fieldstart|move: Trick Room|[of] p1a: Musharna
|
|upkeep
|turn|8
|
|move|p1a: Musharna|Healing Wish|p1a: Musharna
|faint|p1a: Musharna
|move|p2a: Aegislash|Substitute|p2a: Aegislash
|-start|p2a: Aegislash|Substitute
|-damage|p2a: Aegislash|76/100
|
|-heal|p2a: Aegislash|82/100|[from] item: Leftovers
|upkeep
|
|switch|p1a: Copperajah|Copperajah, F|40/100
|-heal|p1a: Copperajah|100/100|[from] move: Healing Wish
|turn|9
|
|-formechange|p2a: Aegislash|Aegislash||[from] ability: Stance Change
|move|p2a: Aegislash|King's Shield|p2a: Aegislash
|-singleturn|p2a: Aegislash|Protect
|move|p1a: Copperajah|Heat Crash|p2a: Aegislash
|-activate|p2a: Aegislash|move: Protect
|-unboost|p1a: Copperajah|atk|1
|
|-heal|p2a: Aegislash|88/100|[from] item: Leftovers
|upkeep
|turn|10
|
|move|p1a: Copperajah|Heat Crash|p2a: Aegislash
|-supereffective|p2a: Aegislash
|-end|p2a: Aegislash|Substitute
|-damage|p1a: Copperajah|91/100|[from] item: Life Orb
|move|p2a: Aegislash|Substitute|p2a: Aegislash
|-start|p2a: Aegislash|Substitute
|-damage|p2a: Aegislash|63/100
|
|-heal|p2a: Aegislash|69/100|[from] item: Leftovers
|upkeep
|turn|11
|
|move|p1a: Copperajah|Earthquake|p2a: Aegislash
|-supereffective|p2a: Aegislash
|-crit|p2a: Aegislash
|-end|p2a: Aegislash|Substitute
|-damage|p1a: Copperajah|81/100|[from] item: Life Orb
|-formechange|p2a: Aegislash|Aegislash-Blade||[from] ability: Stance Change
|move|p2a: Aegislash|Shadow Ball|p1a: Copperajah
|-damage|p1a: Copperajah|33/100
|
|-heal|p2a: Aegislash|75/100|[from] item: Leftovers
|-fieldend|move: Trick Room
|upkeep
|turn|12
|
|move|p2a: Aegislash|Shadow Ball|p1a: Copperajah
|-damage|p1a: Copperajah|0 fnt
|faint|p1a: Copperajah
|
|-heal|p2a: Aegislash|81/100|[from] item: Leftovers
|upkeep
|
|switch|p1a: Hatterene|Hatterene, F|100/100
|turn|13
|
|move|p2a: Aegislash|Shadow Ball|p1a: Hatterene
|-supereffective|p1a: Hatterene
|-damage|p1a: Hatterene|0 fnt
|faint|p1a: Hatterene
|
|-heal|p2a: Aegislash|88/100|[from] item: Leftovers
|upkeep
|-message|Jottun Aegirson forfeited.
|
|win|SofiaHdzMeldendez
|l|☆Jottun Aegirson
|raw|Jottun Aegirson's rating: 1183 → 1154(-29 for losing)
|raw|SofiaHdzMeldendez's rating: 1130 → 1159(+29 for winning)
