|ScrapeTime|2020-01-02-06:46:36
|j|☆morphidae
|j|☆el_knight_oscuro
|player|p1|morphidae|rosa|1309
|player|p2|el_knight_oscuro|170|1284
|teamsize|p1|6
|teamsize|p2|6
|gametype|singles
|gen|8
|tier|[Gen 8] OU
|rated|
|rule|Sleep Clause Mod: Limit one foe put to sleep
|rule|Species Clause: Limit one of each Pokémon
|rule|OHKO Clause: OHKO moves are banned
|rule|Evasion Moves Clause: Evasion moves are banned
|rule|Endless Battle Clause: Forcing endless battles is banned
|rule|HP Percentage Mod: HP is shown in percentages
|clearpoke
|poke|p1|Mandibuzz, F|
|poke|p1|Seismitoad, M|
|poke|p1|Rotom-Heat|
|poke|p1|Hatterene, F|
|poke|p1|Dragapult, F|
|poke|p1|Aegislash, M|
|poke|p2|Clefable, F|
|poke|p2|Cinderace, M|
|poke|p2|Corviknight, M|
|poke|p2|Conkeldurr, M|
|poke|p2|Dragapult, M|
|poke|p2|Grimmsnarl, M|
|rule|Dynamax Clause: You cannot dynamax
|teampreview
|inactive|Battle timer is ON: inactive players will automatically lose when time's up. (requested by el_knight_oscuro)
|
|start
|switch|p1a: Rotom|Rotom-Heat|100/100
|switch|p2a: Cinderace|Cinderace, M|100/100
|turn|1
|
|move|p2a: Cinderace|Gunk Shot|p1a: Rotom|[miss]
|-miss|p2a: Cinderace|p1a: Rotom
|move|p1a: Rotom|Thunder Wave|p2a: Cinderace
|-status|p2a: Cinderace|par
|
|upkeep
|turn|2
|
|switch|p1a: Aegislash|Aegislash, M|100/100
|cant|p2a: Cinderace|par
|
|upkeep
|turn|3
|
|switch|p2a: Corviknight|Corviknight, M|100/100
|-ability|p2a: Corviknight|Pressure
|-formechange|p1a: Aegislash|Aegislash-Blade||[from] ability: Stance Change
|move|p1a: Aegislash|Shadow Ball|p2a: Corviknight
|-damage|p2a: Corviknight|57/100
|
|-heal|p2a: Corviknight|63/100|[from] item: Leftovers
|upkeep
|turn|4
|
|switch|p1a: Rotom|Rotom-Heat|100/100
|move|p2a: Corviknight|Roost|p2a: Corviknight
|-heal|p2a: Corviknight|100/100
|-singleturn|p2a: Corviknight|move: Roost
|
|upkeep
|turn|5
|
|switch|p2a: Cinderace|Cinderace, M|100/100 par
|move|p1a: Rotom|Trick|p2a: Cinderace
|-activate|p1a: Rotom|move: Trick|[of] p2a: Cinderace
|-item|p2a: Cinderace|Choice Scarf|[from] move: Trick
|-item|p1a: Rotom|Choice Scarf|[from] move: Trick
|
|upkeep
|turn|6
|
|move|p1a: Rotom|Volt Switch|p2a: Cinderace
|-damage|p2a: Cinderace|66/100 par
|
|switch|p1a: Seismitoad|Seismitoad, M|100/100|[from]move: Volt Switch
|move|p2a: Cinderace|Gunk Shot|p1a: Seismitoad
|-resisted|p1a: Seismitoad
|-crit|p1a: Seismitoad
|-damage|p1a: Seismitoad|80/100
|
|-heal|p1a: Seismitoad|86/100|[from] item: Leftovers
|upkeep
|turn|7
|
|switch|p2a: Dragapult|Dragapult, M|100/100
|move|p1a: Seismitoad|Stealth Rock|p2a: Dragapult
|-sidestart|p2: el_knight_oscuro|move: Stealth Rock
|
|-heal|p1a: Seismitoad|92/100|[from] item: Leftovers
|upkeep
|turn|8
|
|switch|p1a: Mandibuzz|Mandibuzz, F|100/100
|move|p2a: Dragapult|Substitute|p2a: Dragapult
|-start|p2a: Dragapult|Substitute
|-damage|p2a: Dragapult|76/100
|
|-heal|p2a: Dragapult|82/100|[from] item: Leftovers
|upkeep
|turn|9
|
|move|p2a: Dragapult|Dragon Claw|p1a: Mandibuzz
|-damage|p1a: Mandibuzz|66/100
|move|p1a: Mandibuzz|Knock Off|p2a: Dragapult
|-supereffective|p2a: Dragapult
|-end|p2a: Dragapult|Substitute
|
|-heal|p2a: Dragapult|88/100|[from] item: Leftovers
|upkeep
|turn|10
|
|switch|p2a: Grimmsnarl|Grimmsnarl, M|100/100
|-damage|p2a: Grimmsnarl|88/100|[from] Stealth Rock
|move|p1a: Mandibuzz|Knock Off|p2a: Grimmsnarl
|-resisted|p2a: Grimmsnarl
|-damage|p2a: Grimmsnarl|80/100
|-enditem|p2a: Grimmsnarl|Light Clay|[from] move: Knock Off|[of] p1a: Mandibuzz
|
|upkeep
|turn|11
|
|move|p2a: Grimmsnarl|Light Screen|p2a: Grimmsnarl
|-sidestart|p2: el_knight_oscuro|move: Light Screen
|move|p1a: Mandibuzz|U-turn|p2a: Grimmsnarl
|-damage|p2a: Grimmsnarl|65/100
|
|switch|p1a: Aegislash|Aegislash, M|100/100|[from]move: U-turn
|
|upkeep
|turn|12
|
|switch|p2a: Corviknight|Corviknight, M|100/100
|-damage|p2a: Corviknight|88/100|[from] Stealth Rock
|-ability|p2a: Corviknight|Pressure
|-formechange|p1a: Aegislash|Aegislash-Blade||[from] ability: Stance Change
|move|p1a: Aegislash|Flash Cannon|p2a: Corviknight
|-resisted|p2a: Corviknight
|-damage|p2a: Corviknight|78/100
|
|-heal|p2a: Corviknight|84/100|[from] item: Leftovers
|upkeep
|turn|13
|
|switch|p1a: Rotom|Rotom-Heat|100/100
|move|p2a: Corviknight|Substitute|p2a: Corviknight
|-start|p2a: Corviknight|Substitute
|-damage|p2a: Corviknight|59/100
|
|-heal|p2a: Corviknight|66/100|[from] item: Leftovers
|upkeep
|turn|14
|
|move|p1a: Rotom|Volt Switch|p2a: Corviknight
|-supereffective|p2a: Corviknight
|-activate|p2a: Corviknight|move: Substitute|[damage]
|
|switch|p1a: Dragapult|Dragapult, F|100/100|[from]move: Volt Switch
|move|p2a: Corviknight|Roost|p2a: Corviknight
|-heal|p2a: Corviknight|100/100
|-singleturn|p2a: Corviknight|move: Roost
|
|upkeep
|turn|15
|
|move|p1a: Dragapult|Dragon Dance|p1a: Dragapult
|-boost|p1a: Dragapult|atk|1
|-boost|p1a: Dragapult|spe|1
|move|p2a: Corviknight|Nasty Plot|p2a: Corviknight
|-boost|p2a: Corviknight|spa|2
|
|-sideend|p2: el_knight_oscuro|move: Light Screen
|upkeep
|turn|16
|
|move|p1a: Dragapult|Dragon Dance|p1a: Dragapult
|-boost|p1a: Dragapult|atk|1
|-boost|p1a: Dragapult|spe|1
|move|p2a: Corviknight|Nasty Plot|p2a: Corviknight
|-boost|p2a: Corviknight|spa|2
|
|upkeep
|turn|17
|
|move|p1a: Dragapult|Dragon Darts|p2a: Corviknight
|-resisted|p2a: Corviknight
|-damage|p2a: Corviknight|83/100
|-resisted|p2a: Corviknight
|-damage|p2a: Corviknight|65/100
|-hitcount|p2a: Corviknight|2
|move|p2a: Corviknight|Air Slash|p1a: Dragapult
|-damage|p1a: Dragapult|28/100
|
|-heal|p2a: Corviknight|71/100|[from] item: Leftovers
|upkeep
|turn|18
|
|switch|p1a: Rotom|Rotom-Heat|100/100
|move|p2a: Corviknight|Roost|p2a: Corviknight
|-heal|p2a: Corviknight|100/100
|-singleturn|p2a: Corviknight|move: Roost
|
|upkeep
|turn|19
|
|move|p1a: Rotom|Overheat|p2a: Corviknight
|-supereffective|p2a: Corviknight
|-end|p2a: Corviknight|Substitute
|-unboost|p1a: Rotom|spa|2
|move|p2a: Corviknight|Substitute|p2a: Corviknight
|-start|p2a: Corviknight|Substitute
|-damage|p2a: Corviknight|76/100
|
|-heal|p2a: Corviknight|82/100|[from] item: Leftovers
|upkeep
|turn|20
|
|move|p1a: Rotom|Overheat|p2a: Corviknight
|-supereffective|p2a: Corviknight
|-end|p2a: Corviknight|Substitute
|-unboost|p1a: Rotom|spa|2
|move|p2a: Corviknight|Nasty Plot|p2a: Corviknight
|-boost|p2a: Corviknight|spa|2
|
|-heal|p2a: Corviknight|88/100|[from] item: Leftovers
|upkeep
|turn|21
|
|move|p1a: Rotom|Overheat|p2a: Corviknight
|-supereffective|p2a: Corviknight
|-damage|p2a: Corviknight|61/100
|-unboost|p1a: Rotom|spa|2
|move|p2a: Corviknight|Substitute|p2a: Corviknight
|-start|p2a: Corviknight|Substitute
|-damage|p2a: Corviknight|36/100
|
|-heal|p2a: Corviknight|43/100|[from] item: Leftovers
|upkeep
|turn|22
|
|switch|p1a: Aegislash|Aegislash, M|100/100
|move|p2a: Corviknight|Roost|p2a: Corviknight
|-heal|p2a: Corviknight|93/100
|-singleturn|p2a: Corviknight|move: Roost
|
|-heal|p2a: Corviknight|99/100|[from] item: Leftovers
|upkeep
|turn|23
|
|move|p2a: Corviknight|Air Slash|p1a: Aegislash
|-resisted|p1a: Aegislash
|-damage|p1a: Aegislash|71/100
|-formechange|p1a: Aegislash|Aegislash-Blade||[from] ability: Stance Change
|move|p1a: Aegislash|Shadow Ball|p2a: Corviknight
|-end|p2a: Corviknight|Substitute
|
|-heal|p2a: Corviknight|100/100|[from] item: Leftovers
|-heal|p1a: Aegislash|78/100|[from] item: Leftovers
|upkeep
|turn|24
|
|-formechange|p1a: Aegislash|Aegislash||[from] ability: Stance Change
|move|p1a: Aegislash|King's Shield|p1a: Aegislash
|-singleturn|p1a: Aegislash|Protect
|move|p2a: Corviknight|Air Slash|p1a: Aegislash
|-activate|p1a: Aegislash|move: Protect
|
|-heal|p1a: Aegislash|84/100|[from] item: Leftovers
|upkeep
|turn|25
|
|move|p2a: Corviknight|Air Slash|p1a: Aegislash
|-resisted|p1a: Aegislash
|-damage|p1a: Aegislash|52/100
|-formechange|p1a: Aegislash|Aegislash-Blade||[from] ability: Stance Change
|move|p1a: Aegislash|Shadow Ball|p2a: Corviknight
|-damage|p2a: Corviknight|55/100
|
|-heal|p2a: Corviknight|61/100|[from] item: Leftovers
|-heal|p1a: Aegislash|59/100|[from] item: Leftovers
|upkeep
|turn|26
|
|move|p2a: Corviknight|Substitute|p2a: Corviknight
|-start|p2a: Corviknight|Substitute
|-damage|p2a: Corviknight|36/100
|move|p1a: Aegislash|Shadow Ball|p2a: Corviknight
|-end|p2a: Corviknight|Substitute
|
|-heal|p2a: Corviknight|43/100|[from] item: Leftovers
|-heal|p1a: Aegislash|65/100|[from] item: Leftovers
|upkeep
|turn|27
|
|move|p2a: Corviknight|Air Slash|p1a: Aegislash
|-resisted|p1a: Aegislash
|-damage|p1a: Aegislash|0 fnt
|faint|p1a: Aegislash
|
|-heal|p2a: Corviknight|49/100|[from] item: Leftovers
|upkeep
|
|switch|p1a: Rotom|Rotom-Heat|100/100
|turn|28
|
|switch|p2a: Dragapult|Dragapult, M|88/100
|-damage|p2a: Dragapult|75/100|[from] Stealth Rock
|move|p1a: Rotom|Volt Switch|p2a: Dragapult
|-resisted|p2a: Dragapult
|-damage|p2a: Dragapult|58/100
|
|switch|p1a: Hatterene|Hatterene, F|100/100|[from]move: Volt Switch
|
|-heal|p2a: Dragapult|64/100|[from] item: Leftovers
|upkeep
|turn|29
|
|move|p2a: Dragapult|Substitute|p2a: Dragapult
|-start|p2a: Dragapult|Substitute
|-damage|p2a: Dragapult|39/100
|move|p1a: Hatterene|Calm Mind|p1a: Hatterene
|-boost|p1a: Hatterene|spa|1
|-boost|p1a: Hatterene|spd|1
|
|-heal|p2a: Dragapult|45/100|[from] item: Leftovers
|upkeep
|turn|30
|
|move|p2a: Dragapult|Dragon Dance|p2a: Dragapult
|-boost|p2a: Dragapult|atk|1
|-boost|p2a: Dragapult|spe|1
|move|p1a: Hatterene|Draining Kiss|p2a: Dragapult
|-supereffective|p2a: Dragapult
|-end|p2a: Dragapult|Substitute
|
|-heal|p2a: Dragapult|51/100|[from] item: Leftovers
|upkeep
|turn|31
|
|move|p2a: Dragapult|Phantom Force||[still]
|-prepare|p2a: Dragapult|Phantom Force|p1a: Hatterene
|move|p1a: Hatterene|Draining Kiss|p2a: Dragapult|[miss]
|-miss|p1a: Hatterene|p2a: Dragapult
|
|-heal|p2a: Dragapult|57/100|[from] item: Leftovers
|upkeep
|turn|32
|
|move|p2a: Dragapult|Phantom Force|p1a: Hatterene|[from]lockedmove
|-supereffective|p1a: Hatterene
|-damage|p1a: Hatterene|0 fnt
|faint|p1a: Hatterene
|
|-heal|p2a: Dragapult|63/100|[from] item: Leftovers
|upkeep
|
|switch|p1a: Mandibuzz|Mandibuzz, F|66/100
|turn|33
|
|switch|p2a: Grimmsnarl|Grimmsnarl, M|65/100
|-damage|p2a: Grimmsnarl|52/100|[from] Stealth Rock
|move|p1a: Mandibuzz|Knock Off|p2a: Grimmsnarl
|-resisted|p2a: Grimmsnarl
|-damage|p2a: Grimmsnarl|47/100
|
|upkeep
|turn|34
|
|move|p2a: Grimmsnarl|Light Screen|p2a: Grimmsnarl
|-sidestart|p2: el_knight_oscuro|move: Light Screen
|move|p1a: Mandibuzz|Roost|p1a: Mandibuzz
|-heal|p1a: Mandibuzz|100/100
|-singleturn|p1a: Mandibuzz|move: Roost
|
|upkeep
|turn|35
|
|move|p2a: Grimmsnarl|Spirit Break|p1a: Mandibuzz
|-supereffective|p1a: Mandibuzz
|-damage|p1a: Mandibuzz|42/100
|-unboost|p1a: Mandibuzz|spa|1
|move|p1a: Mandibuzz|U-turn|p2a: Grimmsnarl
|-damage|p2a: Grimmsnarl|33/100
|
|switch|p1a: Dragapult|Dragapult, F|28/100|[from]move: U-turn
|
|upkeep
|turn|36
|
|move|p1a: Dragapult|Steel Wing|p2a: Grimmsnarl
|-supereffective|p2a: Grimmsnarl
|-damage|p2a: Grimmsnarl|0 fnt
|faint|p2a: Grimmsnarl
|
|upkeep
|
|switch|p2a: Corviknight|Corviknight, M|49/100
|-damage|p2a: Corviknight|36/100|[from] Stealth Rock
|-ability|p2a: Corviknight|Pressure
|turn|37
|
|move|p1a: Dragapult|Will-O-Wisp|p2a: Corviknight
|-status|p2a: Corviknight|brn
|move|p2a: Corviknight|Roost|p2a: Corviknight
|-heal|p2a: Corviknight|86/100 brn
|-singleturn|p2a: Corviknight|move: Roost
|
|-heal|p2a: Corviknight|93/100 brn|[from] item: Leftovers
|-damage|p2a: Corviknight|86/100 brn|[from] brn
|upkeep
|turn|38
|
|switch|p1a: Rotom|Rotom-Heat|100/100
|move|p2a: Corviknight|Substitute|p2a: Corviknight
|-start|p2a: Corviknight|Substitute
|-damage|p2a: Corviknight|62/100 brn
|
|-heal|p2a: Corviknight|68/100 brn|[from] item: Leftovers
|-damage|p2a: Corviknight|62/100 brn|[from] brn
|-sideend|p2: el_knight_oscuro|move: Light Screen
|upkeep
|turn|39
|
|move|p1a: Rotom|Volt Switch|p2a: Corviknight
|-supereffective|p2a: Corviknight
|-end|p2a: Corviknight|Substitute
|
|switch|p1a: Seismitoad|Seismitoad, M|92/100|[from]move: Volt Switch
|move|p2a: Corviknight|Nasty Plot|p2a: Corviknight
|-boost|p2a: Corviknight|spa|2
|
|-heal|p2a: Corviknight|68/100 brn|[from] item: Leftovers
|-heal|p1a: Seismitoad|98/100|[from] item: Leftovers
|-damage|p2a: Corviknight|62/100 brn|[from] brn
|upkeep
|turn|40
|
|move|p2a: Corviknight|Substitute|p2a: Corviknight
|-start|p2a: Corviknight|Substitute
|-damage|p2a: Corviknight|37/100 brn
|move|p1a: Seismitoad|Scald|p2a: Corviknight
|-activate|p2a: Corviknight|move: Substitute|[damage]
|
|-heal|p2a: Corviknight|43/100 brn|[from] item: Leftovers
|-heal|p1a: Seismitoad|100/100|[from] item: Leftovers
|-damage|p2a: Corviknight|37/100 brn|[from] brn
|upkeep
|turn|41
|
|move|p2a: Corviknight|Roost|p2a: Corviknight
|-heal|p2a: Corviknight|87/100 brn
|-singleturn|p2a: Corviknight|move: Roost
|move|p1a: Seismitoad|Scald|p2a: Corviknight
|-end|p2a: Corviknight|Substitute
|
|-heal|p2a: Corviknight|93/100 brn|[from] item: Leftovers
|-damage|p2a: Corviknight|87/100 brn|[from] brn
|upkeep
|turn|42
|
|switch|p1a: Rotom|Rotom-Heat|100/100
|move|p2a: Corviknight|Substitute|p2a: Corviknight
|-start|p2a: Corviknight|Substitute
|-damage|p2a: Corviknight|62/100 brn
|
|-heal|p2a: Corviknight|68/100 brn|[from] item: Leftovers
|-damage|p2a: Corviknight|62/100 brn|[from] brn
|upkeep
|turn|43
|
|move|p1a: Rotom|Volt Switch|p2a: Corviknight
|-supereffective|p2a: Corviknight
|-end|p2a: Corviknight|Substitute
|
|switch|p1a: Mandibuzz|Mandibuzz, F|42/100|[from]move: Volt Switch
|move|p2a: Corviknight|Substitute|p2a: Corviknight
|-start|p2a: Corviknight|Substitute
|-damage|p2a: Corviknight|37/100 brn
|
|-heal|p2a: Corviknight|43/100 brn|[from] item: Leftovers
|-damage|p2a: Corviknight|37/100 brn|[from] brn
|upkeep
|turn|44
|
|move|p1a: Mandibuzz|Knock Off|p2a: Corviknight
|-activate|p2a: Corviknight|move: Substitute|[damage]
|move|p2a: Corviknight|Air Slash|p1a: Mandibuzz
|-damage|p1a: Mandibuzz|17/100
|
|-heal|p2a: Corviknight|43/100 brn|[from] item: Leftovers
|-damage|p2a: Corviknight|37/100 brn|[from] brn
|upkeep
|turn|45
|
|move|p1a: Mandibuzz|Knock Off|p2a: Corviknight
|-end|p2a: Corviknight|Substitute
|move|p2a: Corviknight|Substitute|p2a: Corviknight
|-start|p2a: Corviknight|Substitute
|-damage|p2a: Corviknight|12/100 brn
|
|-heal|p2a: Corviknight|18/100 brn|[from] item: Leftovers
|-damage|p2a: Corviknight|12/100 brn|[from] brn
|upkeep
|turn|46
|
|switch|p1a: Rotom|Rotom-Heat|100/100
|move|p2a: Corviknight|Roost|p2a: Corviknight
|-heal|p2a: Corviknight|62/100 brn
|-singleturn|p2a: Corviknight|move: Roost
|
|-heal|p2a: Corviknight|68/100 brn|[from] item: Leftovers
|-damage|p2a: Corviknight|62/100 brn|[from] brn
|upkeep
|turn|47
|
|move|p1a: Rotom|Trick||[still]
|-fail|p1a: Rotom
|move|p2a: Corviknight|Substitute|p2a: Corviknight
|-fail|p2a: Corviknight|move: Substitute
|
|-heal|p2a: Corviknight|68/100 brn|[from] item: Leftovers
|-damage|p2a: Corviknight|62/100 brn|[from] brn
|upkeep
|turn|48
|-message|morphidae forfeited.
|
|win|el_knight_oscuro
|l|☆morphidae
|raw|morphidae's rating: 1309 → 1287(-22 for losing)
|raw|el_knight_oscuro's rating: 1284 → 1310(+26 for winning)
