|ScrapeTime|2020-01-01-18:15:18
|j|☆Arcanine Gang
|j|☆elliot1313
|inactive|Battle timer is ON: inactive players will automatically lose when time's up.
|player|p1|Arcanine Gang|teamrocket|
|player|p2|elliot1313|169|
|teamsize|p1|6
|teamsize|p2|6
|gametype|singles
|gen|8
|tier|[Gen 8] OU
|rated|Tournament battle
|rule|Sleep Clause Mod: Limit one foe put to sleep
|rule|Species Clause: Limit one of each Pokémon
|rule|OHKO Clause: OHKO moves are banned
|rule|Evasion Moves Clause: Evasion moves are banned
|rule|Endless Battle Clause: Forcing endless battles is banned
|rule|HP Percentage Mod: HP is shown in percentages
|clearpoke
|poke|p1|Arcanine, F|
|poke|p1|Mandibuzz, F|
|poke|p1|Toxapex, M|
|poke|p1|Seismitoad, F|
|poke|p1|Roserade, F|
|poke|p1|Runerigus, M|
|poke|p2|Grimmsnarl, M|
|poke|p2|Excadrill, F|
|poke|p2|Aegislash, F|
|poke|p2|Kommo-o, F|
|poke|p2|Hawlucha, F|
|poke|p2|Gyarados, F|
|rule|Dynamax Clause: You cannot dynamax
|teampreview
|
|start
|switch|p1a: Arcanine|Arcanine, F|100/100
|switch|p2a: Grimmsnarl|Grimmsnarl, M|100/100
|-ability|p1a: Arcanine|Intimidate|boost
|-unboost|p2a: Grimmsnarl|atk|1
|turn|1
|j| Anatafu
|
|switch|p1a: Roserade|Roserade, F|100/100
|move|p2a: Grimmsnarl|Reflect|p2a: Grimmsnarl
|-sidestart|p2: elliot1313|Reflect
|
|upkeep
|turn|2
|
|move|p2a: Grimmsnarl|Light Screen|p2a: Grimmsnarl
|-sidestart|p2: elliot1313|move: Light Screen
|move|p1a: Roserade|Sludge Bomb|p2a: Grimmsnarl
|-supereffective|p2a: Grimmsnarl
|-damage|p2a: Grimmsnarl|30/100
|-damage|p1a: Roserade|91/100|[from] item: Life Orb
|
|upkeep
|turn|3
|
|switch|p2a: Excadrill|Excadrill, F|100/100
|-ability|p2a: Excadrill|Mold Breaker
|move|p1a: Roserade|Spikes|p2a: Excadrill
|-sidestart|p2: elliot1313|Spikes
|
|upkeep
|turn|4
|
|switch|p1a: Mandibuzz|Mandibuzz, F|100/100
|move|p2a: Excadrill|Earthquake|p1a: Mandibuzz
|-immune|p1a: Mandibuzz
|
|upkeep
|turn|5
|
|move|p2a: Excadrill|Stealth Rock|p1a: Mandibuzz
|-sidestart|p1: Arcanine Gang|move: Stealth Rock
|move|p1a: Mandibuzz|U-turn|p2a: Excadrill
|-resisted|p2a: Excadrill
|-damage|p2a: Excadrill|96/100
|
|switch|p1a: Seismitoad|Seismitoad, F|100/100|[from]move: U-turn
|-damage|p1a: Seismitoad|94/100|[from] Stealth Rock
|
|-heal|p1a: Seismitoad|100/100|[from] item: Leftovers
|upkeep
|turn|6
|j| TheAnnoyingWalrus
|
|move|p2a: Excadrill|Rapid Spin|p1a: Seismitoad
|-damage|p1a: Seismitoad|89/100
|-sideend|p2: elliot1313|Spikes|[from] move: Rapid Spin|[of] p2a: Excadrill
|-boost|p2a: Excadrill|spe|1
|move|p1a: Seismitoad|Stealth Rock|p2a: Excadrill
|-sidestart|p2: elliot1313|move: Stealth Rock
|
|-heal|p1a: Seismitoad|95/100|[from] item: Leftovers
|upkeep
|turn|7
|
|move|p1a: Seismitoad|Protect|p1a: Seismitoad
|-singleturn|p1a: Seismitoad|Protect
|move|p2a: Excadrill|Earthquake|p1a: Seismitoad
|-activate|p1a: Seismitoad|move: Protect
|
|-heal|p1a: Seismitoad|100/100|[from] item: Leftovers
|upkeep
|turn|8
|
|switch|p1a: Runerigus|Runerigus, M|100/100
|-damage|p1a: Runerigus|95/100|[from] Stealth Rock
|-item|p1a: Runerigus|Air Balloon
|move|p2a: Excadrill|Rapid Spin|p1a: Runerigus
|-immune|p1a: Runerigus
|
|-sideend|p2: elliot1313|Reflect
|upkeep
|turn|9
|
|move|p2a: Excadrill|Steel Beam|p1a: Runerigus
|-damage|p1a: Runerigus|68/100
|-enditem|p1a: Runerigus|Air Balloon
|-damage|p2a: Excadrill|46/100|[from] mindblown
|move|p1a: Runerigus|Body Press|p2a: Excadrill
|-supereffective|p2a: Excadrill
|-damage|p2a: Excadrill|0 fnt
|faint|p2a: Excadrill
|
|-sideend|p2: elliot1313|move: Light Screen
|upkeep
|c|☆Arcanine Gang|huh
|
|switch|p2a: Gyarados|Gyarados, F|100/100
|turn|10
|
|move|p2a: Gyarados|Dragon Dance|p2a: Gyarados
|-boost|p2a: Gyarados|atk|1
|-boost|p2a: Gyarados|spe|1
|move|p1a: Runerigus|Will-O-Wisp|p2a: Gyarados
|-status|p2a: Gyarados|brn
|
|-damage|p2a: Gyarados|94/100 brn|[from] brn
|upkeep
|turn|11
|
|switch|p1a: Mandibuzz|Mandibuzz, F|100/100
|move|p2a: Gyarados|Dragon Dance|p2a: Gyarados
|-boost|p2a: Gyarados|atk|1
|-boost|p2a: Gyarados|spe|1
|
|-damage|p2a: Gyarados|88/100 brn|[from] brn
|upkeep
|turn|12
|
|move|p2a: Gyarados|Bounce||[still]
|-prepare|p2a: Gyarados|Bounce|p1a: Mandibuzz
|move|p1a: Mandibuzz|Foul Play|p2a: Gyarados|[miss]
|-miss|p1a: Mandibuzz|p2a: Gyarados
|
|-damage|p2a: Gyarados|82/100 brn|[from] brn
|upkeep
|turn|13
|
|move|p2a: Gyarados|Bounce|p1a: Mandibuzz|[from]lockedmove
|-damage|p1a: Mandibuzz|76/100
|move|p1a: Mandibuzz|Foul Play|p2a: Gyarados
|-damage|p2a: Gyarados|0 fnt
|faint|p2a: Gyarados
|
|upkeep
|
|switch|p2a: Hawlucha|Hawlucha, F|100/100
|-damage|p2a: Hawlucha|88/100|[from] Stealth Rock
|turn|14
|l| Anatafu
|
|move|p2a: Hawlucha|Close Combat|p1a: Mandibuzz
|-damage|p1a: Mandibuzz|43/100
|-unboost|p2a: Hawlucha|def|1
|-unboost|p2a: Hawlucha|spd|1
|-enditem|p2a: Hawlucha|White Herb
|-clearnegativeboost|p2a: Hawlucha|[silent]
|move|p1a: Mandibuzz|Taunt|p2a: Hawlucha
|-start|p2a: Hawlucha|move: Taunt
|
|upkeep
|turn|15
|inactive|elliot1313 has 120 seconds left.
|c|☆elliot1313|!weak manidbuzz
|html|manidbuzz isn't a recognized type or pokemon.
|c|☆elliot1313|!weak mandibuzz
|html|Mandibuzz (ignoring abilities):Weaknesses: Electric, Fairy, Ice, RockResistances: Dark, Ghost, GrassImmunities: Ground, Psychic
|inactive|elliot1313 has 90 seconds left.
|
|move|p2a: Hawlucha|Brave Bird|p1a: Mandibuzz
|-damage|p1a: Mandibuzz|11/100
|-damage|p2a: Hawlucha|73/100|[from] Recoil
|move|p1a: Mandibuzz|Roost|p1a: Mandibuzz
|-heal|p1a: Mandibuzz|61/100
|-singleturn|p1a: Mandibuzz|move: Roost
|
|upkeep
|turn|16
|inactive|elliot1313 has 90 seconds left.
|
|move|p2a: Hawlucha|Close Combat|p1a: Mandibuzz
|-crit|p1a: Mandibuzz
|-damage|p1a: Mandibuzz|13/100
|-unboost|p2a: Hawlucha|def|1
|-unboost|p2a: Hawlucha|spd|1
|move|p1a: Mandibuzz|Roost|p1a: Mandibuzz
|-heal|p1a: Mandibuzz|63/100
|-singleturn|p1a: Mandibuzz|move: Roost
|
|upkeep
|turn|17
|inactive|elliot1313 has 90 seconds left.
|
|move|p2a: Hawlucha|Close Combat|p1a: Mandibuzz
|-damage|p1a: Mandibuzz|32/100
|-unboost|p2a: Hawlucha|def|1
|-unboost|p2a: Hawlucha|spd|1
|move|p1a: Mandibuzz|Roost|p1a: Mandibuzz
|-heal|p1a: Mandibuzz|82/100
|-singleturn|p1a: Mandibuzz|move: Roost
|
|-end|p2a: Hawlucha|move: Taunt
|upkeep
|turn|18
|inactive|elliot1313 has 90 seconds left.
|
|move|p2a: Hawlucha|Swords Dance|p2a: Hawlucha
|-boost|p2a: Hawlucha|atk|2
|move|p1a: Mandibuzz|Foul Play|p2a: Hawlucha
|-resisted|p2a: Hawlucha
|-damage|p2a: Hawlucha|0 fnt
|faint|p2a: Hawlucha
|
|upkeep
|c|☆Arcanine Gang|im sorry
|
|switch|p2a: Kommo-o|Kommo-o, F|100/100
|-damage|p2a: Kommo-o|94/100|[from] Stealth Rock
|turn|19
|
|move|p2a: Kommo-o|Clangorous Soul|p2a: Kommo-o
|-boost|p2a: Kommo-o|atk|1
|-boost|p2a: Kommo-o|def|1
|-boost|p2a: Kommo-o|spa|1
|-boost|p2a: Kommo-o|spd|1
|-boost|p2a: Kommo-o|spe|1
|-damage|p2a: Kommo-o|61/100
|-enditem|p2a: Kommo-o|Throat Spray
|-boost|p2a: Kommo-o|spa|1
|move|p1a: Mandibuzz|U-turn|p2a: Kommo-o
|-resisted|p2a: Kommo-o
|-damage|p2a: Kommo-o|58/100
|
|switch|p1a: Arcanine|Arcanine, F|100/100|[from]move: U-turn
|-ability|p1a: Arcanine|Intimidate|boost
|-unboost|p2a: Kommo-o|atk|1
|
|upkeep
|turn|20
|
|move|p2a: Kommo-o|Clanging Scales|p1a: Arcanine
|-damage|p1a: Arcanine|28/100
|-unboost|p2a: Kommo-o|def|1
|move|p1a: Arcanine|Play Rough|p2a: Kommo-o
|-supereffective|p2a: Kommo-o
|-damage|p2a: Kommo-o|0 fnt
|faint|p2a: Kommo-o
|
|upkeep
|
|switch|p2a: Grimmsnarl|Grimmsnarl, M|30/100
|-damage|p2a: Grimmsnarl|17/100|[from] Stealth Rock
|turn|21
|
|move|p1a: Arcanine|Extreme Speed|p2a: Grimmsnarl
|-damage|p2a: Grimmsnarl|0 fnt
|faint|p2a: Grimmsnarl
|
|upkeep
|
|switch|p2a: Aegislash|Aegislash, F|100/100
|-damage|p2a: Aegislash|94/100|[from] Stealth Rock
|-item|p2a: Aegislash|Air Balloon
|turn|22
|
|move|p2a: Aegislash|Autotomize|p2a: Aegislash
|-boost|p2a: Aegislash|spe|2
|-start|p2a: Aegislash|Autotomize
|move|p1a: Arcanine|Morning Sun|p1a: Arcanine
|-heal|p1a: Arcanine|78/100
|
|upkeep
|turn|23
|
|move|p2a: Aegislash|Swords Dance|p2a: Aegislash
|-boost|p2a: Aegislash|atk|2
|move|p1a: Arcanine|Flare Blitz|p2a: Aegislash
|-supereffective|p2a: Aegislash
|-damage|p2a: Aegislash|5/100
|-enditem|p2a: Aegislash|Air Balloon
|-damage|p1a: Arcanine|58/100|[from] Recoil
|
|upkeep
|turn|24
|
|-formechange|p2a: Aegislash|Aegislash-Blade||[from] ability: Stance Change
|move|p2a: Aegislash|Shadow Claw|p1a: Arcanine
|-damage|p1a: Arcanine|0 fnt
|faint|p1a: Arcanine
|
|upkeep
|
|switch|p1a: Mandibuzz|Mandibuzz, F|82/100
|turn|25
|
|move|p2a: Aegislash|Close Combat|p1a: Mandibuzz
|-damage|p1a: Mandibuzz|34/100
|-unboost|p2a: Aegislash|def|1
|-unboost|p2a: Aegislash|spd|1
|move|p1a: Mandibuzz|Foul Play|p2a: Aegislash
|-supereffective|p2a: Aegislash
|-damage|p2a: Aegislash|0 fnt
|faint|p2a: Aegislash
|
|win|Arcanine Gang
|l|☆elliot1313
