|ScrapeTime|2020-01-02-13:05:36
|j|☆jveve31
|j|☆Jake Tsai
|player|p1|jveve31|102|1040
|player|p2|Jake Tsai|cheren|1069
|teamsize|p1|6
|teamsize|p2|6
|gametype|singles
|gen|8
|tier|[Gen 8] OU
|rated|
|rule|Sleep Clause Mod: Limit one foe put to sleep
|rule|Species Clause: Limit one of each Pokémon
|rule|OHKO Clause: OHKO moves are banned
|rule|Evasion Moves Clause: Evasion moves are banned
|rule|Endless Battle Clause: Forcing endless battles is banned
|rule|HP Percentage Mod: HP is shown in percentages
|clearpoke
|poke|p1|Grimmsnarl, M|
|poke|p1|Seismitoad, M|
|poke|p1|Excadrill, M|
|poke|p1|Toxtricity, F|
|poke|p1|Dragapult, F|
|poke|p1|Corviknight, M|
|poke|p2|Whimsicott, F|
|poke|p2|Toxicroak, F|
|poke|p2|Galvantula, M|
|poke|p2|Dracovish|
|poke|p2|Skuntank, M|
|poke|p2|Tyranitar, M|
|rule|Dynamax Clause: You cannot dynamax
|teampreview
|
|start
|switch|p1a: Bad Dragon|Dragapult, F|100/100
|switch|p2a: Aira|Whimsicott, F, shiny|100/100
|turn|1
|
|move|p1a: Bad Dragon|Dragon Pulse|p2a: Aira
|-immune|p2a: Aira
|move|p2a: Aira|Moonblast|p1a: Bad Dragon
|-supereffective|p1a: Bad Dragon
|-damage|p1a: Bad Dragon|17/100
|
|upkeep
|turn|2
|
|switch|p1a: Le roi René|Excadrill, M|100/100
|-ability|p1a: Le roi René|Mold Breaker
|move|p2a: Aira|Moonblast|p1a: Le roi René
|-resisted|p1a: Le roi René
|-damage|p1a: Le roi René|79/100
|
|upkeep
|turn|3
|
|switch|p2a: Aquabite|Dracovish|100/100
|move|p1a: Le roi René|Stealth Rock|p2a: Aquabite
|-sidestart|p2: Jake Tsai|move: Stealth Rock
|
|upkeep
|turn|4
|
|switch|p1a: Bad Dragon|Dragapult, F|17/100
|move|p2a: Aquabite|Fishious Rend|p1a: Bad Dragon
|-resisted|p1a: Bad Dragon
|-damage|p1a: Bad Dragon|0 fnt
|faint|p1a: Bad Dragon
|
|upkeep
|
|switch|p1a: Marshall|Toxtricity, F|100/100
|turn|5
|
|move|p2a: Aquabite|Fishious Rend|p1a: Marshall
|-crit|p1a: Marshall
|-damage|p1a: Marshall|0 fnt
|faint|p1a: Marshall
|
|upkeep
|
|switch|p1a: Grimm|Grimmsnarl, M|100/100
|turn|6
|
|switch|p2a: Slagathor|Skuntank, M|100/100
|-damage|p2a: Slagathor|88/100|[from] Stealth Rock
|move|p1a: Grimm|Play Rough|p2a: Slagathor
|-damage|p2a: Slagathor|12/100
|-damage|p1a: Grimm|91/100|[from] item: Life Orb
|
|-heal|p2a: Slagathor|18/100|[from] item: Black Sludge
|upkeep
|turn|7
|
|move|p2a: Slagathor|Sludge Bomb|p1a: Grimm
|-supereffective|p1a: Grimm
|-damage|p1a: Grimm|32/100
|move|p1a: Grimm|Play Rough|p2a: Slagathor
|-damage|p2a: Slagathor|0 fnt
|-damage|p1a: Grimm|7/100|[from] ability: Aftermath|[of] p2a: Slagathor
|-damage|p1a: Grimm|0 fnt|[from] item: Life Orb
|faint|p2a: Slagathor
|faint|p1a: Grimm
|
|upkeep
|
|switch|p2a: Alexander|Tyranitar, M|100/100
|switch|p1a: Kermit|Seismitoad, M|100/100
|-damage|p2a: Alexander|88/100|[from] Stealth Rock
|-weather|Sandstorm|[from] ability: Sand Stream|[of] p2a: Alexander
|turn|8
|
|move|p1a: Kermit|Earth Power|p2a: Alexander
|-supereffective|p2a: Alexander
|-damage|p2a: Alexander|41/100
|move|p2a: Alexander|Dragon Dance|p2a: Alexander
|-boost|p2a: Alexander|atk|1
|-boost|p2a: Alexander|spe|1
|
|-weather|Sandstorm|[upkeep]
|-heal|p2a: Alexander|47/100|[from] item: Leftovers
|upkeep
|turn|9
|
|move|p2a: Alexander|Crunch|p1a: Kermit
|-crit|p1a: Kermit
|-damage|p1a: Kermit|12/100
|move|p1a: Kermit|Earth Power|p2a: Alexander
|-supereffective|p2a: Alexander
|-damage|p2a: Alexander|6/100
|
|-weather|Sandstorm|[upkeep]
|-heal|p2a: Alexander|12/100|[from] item: Leftovers
|-heal|p1a: Kermit|18/100|[from] item: Leftovers
|upkeep
|turn|10
|
|move|p2a: Alexander|Crunch|p1a: Kermit
|-damage|p1a: Kermit|0 fnt
|faint|p1a: Kermit
|
|-weather|Sandstorm|[upkeep]
|-heal|p2a: Alexander|18/100|[from] item: Leftovers
|upkeep
|
|switch|p1a: Le roi René|Excadrill, M|79/100
|-ability|p1a: Le roi René|Mold Breaker
|turn|11
|
|move|p1a: Le roi René|Rapid Spin|p2a: Alexander
|-resisted|p2a: Alexander
|-damage|p2a: Alexander|11/100
|-boost|p1a: Le roi René|spe|1
|move|p2a: Alexander|Earthquake|p1a: Le roi René
|-supereffective|p1a: Le roi René
|-damage|p1a: Le roi René|0 fnt
|faint|p1a: Le roi René
|
|-weather|Sandstorm|[upkeep]
|-heal|p2a: Alexander|17/100|[from] item: Leftovers
|upkeep
|
|switch|p1a: Corbac|Corviknight, M|100/100
|-ability|p1a: Corbac|Pressure
|turn|12
|
|move|p2a: Alexander|Stone Edge|p1a: Corbac|[miss]
|-miss|p2a: Alexander|p1a: Corbac
|move|p1a: Corbac|Power Trip|p2a: Alexander
|-resisted|p2a: Alexander
|-damage|p2a: Alexander|16/100
|
|-weather|none
|-heal|p2a: Alexander|22/100|[from] item: Leftovers
|upkeep
|turn|13
|
|move|p2a: Alexander|Stone Edge|p1a: Corbac
|-damage|p1a: Corbac|47/100
|move|p1a: Corbac|Iron Head|p2a: Alexander
|-supereffective|p2a: Alexander
|-damage|p2a: Alexander|0 fnt
|faint|p2a: Alexander
|
|-heal|p1a: Corbac|53/100|[from] item: Leftovers
|upkeep
|
|switch|p2a: Penn|Galvantula, M|100/100
|-damage|p2a: Penn|76/100|[from] Stealth Rock
|turn|14
|
|move|p2a: Penn|Thunder|p1a: Corbac
|-supereffective|p1a: Corbac
|-damage|p1a: Corbac|0 fnt
|faint|p1a: Corbac
|
|win|Jake Tsai
|raw|jveve31's rating: 1040 → 1025(-15 for losing)
|raw|Jake Tsai's rating: 1069 → 1096(+27 for winning)
|l|☆jveve31
