|ScrapeTime|2020-01-01-18:00:55
|j|☆understoodXD
|j|☆Kaleax
|inactive|Battle timer is ON: inactive players will automatically lose when time's up.
|player|p1|understoodXD|plasmagrunt|
|player|p2|Kaleax|colress|
|teamsize|p1|6
|teamsize|p2|6
|gametype|singles
|gen|8
|tier|[Gen 8] OU
|rated|Tournament battle
|rule|Sleep Clause Mod: Limit one foe put to sleep
|rule|Species Clause: Limit one of each Pokémon
|rule|OHKO Clause: OHKO moves are banned
|rule|Evasion Moves Clause: Evasion moves are banned
|rule|Endless Battle Clause: Forcing endless battles is banned
|rule|HP Percentage Mod: HP is shown in percentages
|clearpoke
|poke|p1|Cinderace, M|
|poke|p1|Dugtrio, M|
|poke|p1|Polteageist|
|poke|p1|Weezing-Galar, F|
|poke|p1|Lucario, F|
|poke|p1|Rillaboom, F|
|poke|p2|Dragapult, M|
|poke|p2|Togekiss, M|
|poke|p2|Corviknight, F|
|poke|p2|Rotom-Heat|
|poke|p2|Hatterene, F|
|poke|p2|Kommo-o, M|
|rule|Dynamax Clause: You cannot dynamax
|teampreview
|c|☆Kaleax|gl hf
|c|☆understoodXD|U2
|
|start
|switch|p1a: Cinderace|Cinderace, M|100/100
|switch|p2a: Envy|Rotom-Heat|100/100
|turn|1
|
|move|p1a: Cinderace|U-turn|p2a: Envy
|-resisted|p2a: Envy
|-damage|p2a: Envy|84/100
|-damage|p1a: Cinderace|91/100|[from] item: Life Orb
|
|switch|p1a: Dugtrio|Dugtrio, M|100/100|[from]move: U-turn
|move|p2a: Envy|Volt Switch|p1a: Dugtrio
|-immune|p1a: Dugtrio
|
|upkeep
|turn|2
|
|switch|p1a: Weezing|Weezing-Galar, F, shiny|100/100
|switch|p2a: Lancelot|Corviknight, F|100/100
|
|upkeep
|turn|3
|
|switch|p1a: Cinderace|Cinderace, M|91/100
|move|p2a: Lancelot|Substitute|p2a: Lancelot
|-start|p2a: Lancelot|Substitute
|-damage|p2a: Lancelot|75/100
|
|-heal|p2a: Lancelot|82/100|[from] item: Leftovers
|upkeep
|turn|4
|
|move|p1a: Cinderace|Pyro Ball|p2a: Lancelot
|-supereffective|p2a: Lancelot
|-end|p2a: Lancelot|Substitute
|-damage|p1a: Cinderace|81/100|[from] item: Life Orb
|move|p2a: Lancelot|Bulk Up|p2a: Lancelot
|-boost|p2a: Lancelot|atk|1
|-boost|p2a: Lancelot|def|1
|
|-heal|p2a: Lancelot|88/100|[from] item: Leftovers
|upkeep
|turn|5
|
|move|p1a: Cinderace|Pyro Ball|p2a: Lancelot
|-supereffective|p2a: Lancelot
|-damage|p2a: Lancelot|14/100
|-damage|p1a: Cinderace|71/100|[from] item: Life Orb
|move|p2a: Lancelot|Roost|p2a: Lancelot
|-heal|p2a: Lancelot|64/100
|-singleturn|p2a: Lancelot|move: Roost
|
|-heal|p2a: Lancelot|70/100|[from] item: Leftovers
|upkeep
|turn|6
|
|switch|p2a: Winnehild|Kommo-o, M|100/100
|move|p1a: Cinderace|Pyro Ball|p2a: Winnehild
|-immune|p2a: Winnehild|[from] ability: Bulletproof
|
|upkeep
|turn|7
|
|move|p1a: Cinderace|U-turn|p2a: Winnehild
|-resisted|p2a: Winnehild
|-damage|p2a: Winnehild|87/100
|-damage|p1a: Cinderace|61/100|[from] item: Life Orb
|
|switch|p1a: Polteageist|Polteageist|100/100|[from]move: U-turn
|move|p2a: Winnehild|Clangorous Soul|p2a: Winnehild
|-boost|p2a: Winnehild|atk|1
|-boost|p2a: Winnehild|def|1
|-boost|p2a: Winnehild|spa|1
|-boost|p2a: Winnehild|spd|1
|-boost|p2a: Winnehild|spe|1
|-damage|p2a: Winnehild|54/100
|-enditem|p2a: Winnehild|Throat Spray
|-boost|p2a: Winnehild|spa|1
|
|upkeep
|turn|8
|
|move|p2a: Winnehild|Flamethrower|p1a: Polteageist
|-damage|p1a: Polteageist|37/100
|-status|p1a: Polteageist|brn
|move|p1a: Polteageist|Shell Smash|p1a: Polteageist
|-unboost|p1a: Polteageist|def|1
|-unboost|p1a: Polteageist|spd|1
|-boost|p1a: Polteageist|atk|2
|-boost|p1a: Polteageist|spa|2
|-boost|p1a: Polteageist|spe|2
|
|-damage|p1a: Polteageist|31/100 brn|[from] brn
|upkeep
|turn|9
|
|move|p1a: Polteageist|Psychic|p2a: Winnehild
|-supereffective|p2a: Winnehild
|-crit|p2a: Winnehild
|-damage|p2a: Winnehild|0 fnt
|faint|p2a: Winnehild
|
|-damage|p1a: Polteageist|25/100 brn|[from] brn
|upkeep
|
|switch|p2a: Envy|Rotom-Heat|84/100
|turn|10
|
|move|p1a: Polteageist|Shadow Ball|p2a: Envy
|-damage|p2a: Envy|0 fnt
|faint|p2a: Envy
|
|-damage|p1a: Polteageist|19/100 brn|[from] brn
|upkeep
|c|☆Kaleax|gg
|
|switch|p2a: Grima|Togekiss, M|100/100
|turn|11
|
|move|p1a: Polteageist|Shadow Ball|p2a: Grima
|-damage|p2a: Grima|8/100
|-unboost|p2a: Grima|spd|1
|move|p2a: Grima|Air Slash|p1a: Polteageist
|-damage|p1a: Polteageist|0 fnt
|faint|p1a: Polteageist
|
|-heal|p2a: Grima|14/100|[from] item: Leftovers
|upkeep
|
|switch|p1a: Lucario|Lucario, F|100/100
|-item|p1a: Lucario|Air Balloon
|turn|12
|
|move|p1a: Lucario|Flash Cannon|p2a: Grima
|-supereffective|p2a: Grima
|-damage|p2a: Grima|0 fnt
|faint|p2a: Grima
|
|upkeep
|
|switch|p2a: Balogar|Dragapult, M|100/100
|turn|13
|
|switch|p1a: Weezing|Weezing-Galar, F, shiny|100/100
|move|p2a: Balogar|Fire Blast|p1a: Weezing|[miss]
|-miss|p2a: Balogar|p1a: Weezing
|
|upkeep
|turn|14
|
|switch|p1a: Cinderace|Cinderace, M|61/100
|move|p2a: Balogar|Shadow Ball|p1a: Cinderace
|-damage|p1a: Cinderace|10/100
|-unboost|p1a: Cinderace|spd|1
|
|upkeep
|turn|15
|
|move|p1a: Cinderace|Sucker Punch|p2a: Balogar
|-supereffective|p2a: Balogar
|-damage|p2a: Balogar|22/100
|-damage|p1a: Cinderace|0 fnt|[from] item: Life Orb
|faint|p1a: Cinderace
|move|p2a: Balogar|Shadow Ball|p1: Cinderace|[notarget]
|-fail|p2a: Balogar
|
|upkeep
|
|switch|p1a: Dugtrio|Dugtrio, M|100/100
|turn|16
|
|move|p2a: Balogar|Draco Meteor|p1a: Dugtrio
|-enditem|p1a: Dugtrio|Focus Sash
|-damage|p1a: Dugtrio|1/100
|-unboost|p2a: Balogar|spa|2
|move|p1a: Dugtrio|Stealth Rock|p2a: Balogar
|-sidestart|p2: Kaleax|move: Stealth Rock
|
|upkeep
|turn|17
|
|move|p1a: Dugtrio|Sucker Punch|p2a: Balogar
|-supereffective|p2a: Balogar
|-damage|p2a: Balogar|0 fnt
|faint|p2a: Balogar
|
|upkeep
|
|switch|p2a: Steorra|Hatterene, F|100/100
|-damage|p2a: Steorra|88/100|[from] Stealth Rock
|turn|18
|
|move|p1a: Dugtrio|Earthquake|p2a: Steorra
|-damage|p2a: Steorra|51/100
|move|p2a: Steorra|Draining Kiss|p1a: Dugtrio
|-damage|p1a: Dugtrio|0 fnt
|-heal|p2a: Steorra|52/100|[from] drain|[of] p1a: Dugtrio
|faint|p1a: Dugtrio
|
|-heal|p2a: Steorra|58/100|[from] item: Leftovers
|upkeep
|
|switch|p1a: Lucario|Lucario, F|100/100
|-item|p1a: Lucario|Air Balloon
|turn|19
|
|move|p1a: Lucario|Flash Cannon|p2a: Steorra
|-supereffective|p2a: Steorra
|-damage|p2a: Steorra|0 fnt
|faint|p2a: Steorra
|
|upkeep
|
|switch|p2a: Lancelot|Corviknight, F|70/100
|-damage|p2a: Lancelot|58/100|[from] Stealth Rock
|turn|20
|
|move|p1a: Lucario|Focus Blast|p2a: Lancelot
|-damage|p2a: Lancelot|10/100
|move|p2a: Lancelot|Roost|p2a: Lancelot
|-heal|p2a: Lancelot|60/100
|-singleturn|p2a: Lancelot|move: Roost
|
|-heal|p2a: Lancelot|66/100|[from] item: Leftovers
|upkeep
|turn|21
|
|switch|p1a: Rillaboom|Rillaboom, F|100/100
|move|p2a: Lancelot|Roost|p2a: Lancelot
|-heal|p2a: Lancelot|100/100
|-singleturn|p2a: Lancelot|move: Roost
|
|upkeep
|turn|22
|
|move|p1a: Rillaboom|Knock Off|p2a: Lancelot
|-damage|p2a: Lancelot|75/100
|-enditem|p2a: Lancelot|Leftovers|[from] move: Knock Off|[of] p1a: Rillaboom
|move|p2a: Lancelot|Substitute|p2a: Lancelot
|-start|p2a: Lancelot|Substitute
|-damage|p2a: Lancelot|50/100
|
|upkeep
|turn|23
|
|move|p1a: Rillaboom|Superpower|p2a: Lancelot
|-end|p2a: Lancelot|Substitute
|-unboost|p1a: Rillaboom|atk|1
|-unboost|p1a: Rillaboom|def|1
|move|p2a: Lancelot|Roost|p2a: Lancelot
|-heal|p2a: Lancelot|99/100
|-singleturn|p2a: Lancelot|move: Roost
|
|upkeep
|turn|24
|
|move|p1a: Rillaboom|Drum Beating|p2a: Lancelot
|-resisted|p2a: Lancelot
|-crit|p2a: Lancelot
|-damage|p2a: Lancelot|89/100
|-ability|p2a: Lancelot|Mirror Armor
|-unboost|p1a: Rillaboom|spe|1
|move|p2a: Lancelot|Substitute|p2a: Lancelot
|-start|p2a: Lancelot|Substitute
|-damage|p2a: Lancelot|64/100
|
|upkeep
|turn|25
|
|move|p1a: Rillaboom|Superpower|p2a: Lancelot
|-activate|p2a: Lancelot|move: Substitute|[damage]
|-unboost|p1a: Rillaboom|atk|1
|-unboost|p1a: Rillaboom|def|1
|move|p2a: Lancelot|Roost|p2a: Lancelot
|-heal|p2a: Lancelot|100/100
|-singleturn|p2a: Lancelot|move: Roost
|
|upkeep
|turn|26
|
|move|p1a: Rillaboom|Superpower|p2a: Lancelot
|-end|p2a: Lancelot|Substitute
|-unboost|p1a: Rillaboom|atk|1
|-unboost|p1a: Rillaboom|def|1
|move|p2a: Lancelot|Bulk Up|p2a: Lancelot
|-boost|p2a: Lancelot|atk|1
|-boost|p2a: Lancelot|def|1
|
|upkeep
|turn|27
|
|switch|p1a: Weezing|Weezing-Galar, F, shiny|100/100
|move|p2a: Lancelot|Bulk Up|p2a: Lancelot
|-boost|p2a: Lancelot|atk|1
|-boost|p2a: Lancelot|def|1
|
|upkeep
|turn|28
|
|move|p2a: Lancelot|Bulk Up|p2a: Lancelot
|-boost|p2a: Lancelot|atk|1
|-boost|p2a: Lancelot|def|1
|move|p1a: Weezing|Fire Blast|p2a: Lancelot
|-supereffective|p2a: Lancelot
|-damage|p2a: Lancelot|52/100
|
|upkeep
|turn|29
|
|move|p2a: Lancelot|Roost|p2a: Lancelot
|-heal|p2a: Lancelot|100/100
|-singleturn|p2a: Lancelot|move: Roost
|move|p1a: Weezing|Fire Blast|p2a: Lancelot
|-supereffective|p2a: Lancelot
|-damage|p2a: Lancelot|53/100
|
|upkeep
|turn|30
|
|move|p2a: Lancelot|Substitute|p2a: Lancelot
|-start|p2a: Lancelot|Substitute
|-damage|p2a: Lancelot|28/100
|move|p1a: Weezing|Fire Blast|p2a: Lancelot
|-supereffective|p2a: Lancelot
|-end|p2a: Lancelot|Substitute
|
|upkeep
|turn|31
|
|move|p2a: Lancelot|Roost|p2a: Lancelot
|-heal|p2a: Lancelot|78/100
|-singleturn|p2a: Lancelot|move: Roost
|move|p1a: Weezing|Fire Blast|p2a: Lancelot|[miss]
|-miss|p1a: Weezing|p2a: Lancelot
|
|upkeep
|turn|32
|
|move|p2a: Lancelot|Substitute|p2a: Lancelot
|-start|p2a: Lancelot|Substitute
|-damage|p2a: Lancelot|53/100
|move|p1a: Weezing|Fire Blast|p2a: Lancelot
|-supereffective|p2a: Lancelot
|-end|p2a: Lancelot|Substitute
|
|upkeep
|turn|33
|
|move|p2a: Lancelot|Roost|p2a: Lancelot
|-heal|p2a: Lancelot|100/100
|-singleturn|p2a: Lancelot|move: Roost
|move|p1a: Weezing|Fire Blast|p2a: Lancelot
|-supereffective|p2a: Lancelot
|-damage|p2a: Lancelot|51/100
|
|upkeep
|turn|34
|
|move|p2a: Lancelot|Roost|p2a: Lancelot
|-heal|p2a: Lancelot|100/100
|-singleturn|p2a: Lancelot|move: Roost
|move|p1a: Weezing|Fire Blast|p2a: Lancelot
|-supereffective|p2a: Lancelot
|-damage|p2a: Lancelot|51/100
|
|upkeep
|turn|35
|
|move|p2a: Lancelot|Roost|p2a: Lancelot
|-heal|p2a: Lancelot|100/100
|-singleturn|p2a: Lancelot|move: Roost
|move|p1a: Weezing|Fire Blast|p2a: Lancelot
|-supereffective|p2a: Lancelot
|-damage|p2a: Lancelot|48/100
|
|upkeep
|turn|36
|
|move|p2a: Lancelot|Roost|p2a: Lancelot
|-heal|p2a: Lancelot|98/100
|-singleturn|p2a: Lancelot|move: Roost
|move|p1a: Weezing|Strange Steam|p2a: Lancelot
|-resisted|p2a: Lancelot
|-damage|p2a: Lancelot|82/100
|
|upkeep
|turn|37
|
|move|p2a: Lancelot|Brave Bird|p1a: Weezing
|-damage|p1a: Weezing|20/100
|-damage|p2a: Lancelot|60/100|[from] Recoil
|move|p1a: Weezing|Strange Steam|p2a: Lancelot
|-resisted|p2a: Lancelot
|-damage|p2a: Lancelot|46/100
|
|-heal|p1a: Weezing|26/100|[from] item: Black Sludge
|upkeep
|turn|38
|
|move|p2a: Lancelot|Roost|p2a: Lancelot
|-heal|p2a: Lancelot|96/100
|-singleturn|p2a: Lancelot|move: Roost
|move|p1a: Weezing|Strange Steam|p2a: Lancelot
|-resisted|p2a: Lancelot
|-damage|p2a: Lancelot|81/100
|
|-heal|p1a: Weezing|32/100|[from] item: Black Sludge
|upkeep
|turn|39
|
|move|p2a: Lancelot|Brave Bird|p1a: Weezing
|-damage|p1a: Weezing|0 fnt
|-damage|p2a: Lancelot|72/100|[from] Recoil
|faint|p1a: Weezing
|
|upkeep
|
|switch|p1a: Rillaboom|Rillaboom, F|100/100
|turn|40
|
|move|p1a: Rillaboom|Knock Off|p2a: Lancelot
|-damage|p2a: Lancelot|64/100
|move|p2a: Lancelot|Brave Bird|p1a: Rillaboom
|-supereffective|p1a: Rillaboom
|-damage|p1a: Rillaboom|0 fnt
|-damage|p2a: Lancelot|36/100|[from] Recoil
|faint|p1a: Rillaboom
|
|upkeep
|
|switch|p1a: Lucario|Lucario, F|100/100
|-item|p1a: Lucario|Air Balloon
|turn|41
|
|move|p1a: Lucario|Focus Blast|p2a: Lancelot|[miss]
|-miss|p1a: Lucario|p2a: Lancelot
|move|p2a: Lancelot|Roost|p2a: Lancelot
|-heal|p2a: Lancelot|86/100
|-singleturn|p2a: Lancelot|move: Roost
|
|upkeep
|turn|42
|-message|understoodXD forfeited.
|
|win|Kaleax
|l|☆understoodXD
|c|☆Kaleax|gg wp
