|ScrapeTime|2020-01-01-14:06:07
|j|☆draftgang
|j|☆Kriisssk
|player|p1|draftgang|elesa|1103
|player|p2|Kriisssk|wallace|1123
|teamsize|p1|6
|teamsize|p2|6
|gametype|singles
|gen|8
|tier|[Gen 8] OU
|rated|
|rule|Sleep Clause Mod: Limit one foe put to sleep
|rule|Species Clause: Limit one of each Pokémon
|rule|OHKO Clause: OHKO moves are banned
|rule|Evasion Moves Clause: Evasion moves are banned
|rule|Endless Battle Clause: Forcing endless battles is banned
|rule|HP Percentage Mod: HP is shown in percentages
|clearpoke
|poke|p1|Toxtricity, F|
|poke|p1|Vikavolt, M|
|poke|p1|Dracovish|
|poke|p1|Rotom-Heat|
|poke|p1|Weezing-Galar, M|
|poke|p1|Obstagoon, M|
|poke|p2|Dracovish|
|poke|p2|Galvantula, M|
|poke|p2|Excadrill, F|
|poke|p2|Dragapult, F|
|poke|p2|Corsola-Galar, M|
|poke|p2|Grimmsnarl, M|
|rule|Dynamax Clause: You cannot dynamax
|teampreview
|j| GalaxyHeartss
|
|start
|switch|p1a: Dracovish|Dracovish|100/100
|switch|p2a: Galvantula|Galvantula, M|100/100
|turn|1
|l| GalaxyHeartss
|
|move|p1a: Dracovish|Fishious Rend|p2a: Galvantula
|-enditem|p2a: Galvantula|Focus Sash
|-damage|p2a: Galvantula|1/100
|move|p2a: Galvantula|Sticky Web|p1a: Dracovish
|-sidestart|p1: draftgang|move: Sticky Web
|
|upkeep
|turn|2
|inactive|Battle timer is ON: inactive players will automatically lose when time's up. (requested by Kriisssk)
|
|switch|p2a: Dracovish|Dracovish|100/100
|move|p1a: Dracovish|Fishious Rend|p2a: Dracovish
|-resisted|p2a: Dracovish
|-damage|p2a: Dracovish|73/100
|
|upkeep
|turn|3
|
|switch|p1a: Weezing|Weezing-Galar, M|100/100
|move|p2a: Dracovish|Psychic Fangs|p1a: Weezing
|-supereffective|p1a: Weezing
|-damage|p1a: Weezing|1/100
|
|-heal|p1a: Weezing|7/100|[from] item: Black Sludge
|upkeep
|turn|4
|
|switch|p1a: Vikavolt|Vikavolt, M|100/100
|move|p2a: Dracovish|Psychic Fangs|p1a: Vikavolt
|-damage|p1a: Vikavolt|40/100
|
|-heal|p1a: Vikavolt|46/100|[from] item: Leftovers
|upkeep
|turn|5
|
|switch|p1a: Obstagoon|Obstagoon, M|100/100
|-activate|p1a: Obstagoon|move: Sticky Web
|-unboost|p1a: Obstagoon|spe|1
|move|p2a: Dracovish|Psychic Fangs|p1a: Obstagoon
|-immune|p1a: Obstagoon
|
|-status|p1a: Obstagoon|brn|[from] item: Flame Orb
|upkeep
|turn|6
|
|switch|p2a: Grimmsnarl|Grimmsnarl, M|100/100
|switch|p1a: Weezing|Weezing-Galar, M|7/100
|
|-heal|p1a: Weezing|13/100|[from] item: Black Sludge
|upkeep
|turn|7
|
|move|p1a: Weezing|Defog|p2a: Grimmsnarl
|-unboost|p2a: Grimmsnarl|evasion|1
|-sideend|p1: draftgang|Sticky Web|[from] move: Defog|[of] p1a: Weezing
|move|p2a: Grimmsnarl|Play Rough|p1a: Weezing
|-resisted|p1a: Weezing
|-damage|p1a: Weezing|0 fnt
|faint|p1a: Weezing
|
|upkeep
|
|switch|p1a: Vikavolt|Vikavolt, M|46/100
|turn|8
|
|switch|p1a: Toxtricity|Toxtricity, F|100/100
|move|p2a: Grimmsnarl|Light Screen|p2a: Grimmsnarl
|-sidestart|p2: Kriisssk|move: Light Screen
|
|upkeep
|turn|9
|
|switch|p2a: Excadrill|Excadrill, F|100/100
|-ability|p2a: Excadrill|Mold Breaker
|move|p1a: Toxtricity|Volt Switch|p2a: Excadrill
|-immune|p2a: Excadrill
|
|upkeep
|turn|10
|
|switch|p1a: Dracovish|Dracovish|100/100
|move|p2a: Excadrill|Earthquake|p1a: Dracovish
|-damage|p1a: Dracovish|22/100
|-damage|p2a: Excadrill|91/100|[from] item: Life Orb
|
|upkeep
|turn|11
|
|move|p1a: Dracovish|Fishious Rend|p2a: Excadrill
|-supereffective|p2a: Excadrill
|-damage|p2a: Excadrill|0 fnt
|faint|p2a: Excadrill
|
|upkeep
|
|switch|p2a: Grimmsnarl|Grimmsnarl, M|100/100
|turn|12
|
|switch|p1a: Toxtricity|Toxtricity, F|100/100
|move|p2a: Grimmsnarl|Reflect|p2a: Grimmsnarl
|-sidestart|p2: Kriisssk|Reflect
|
|upkeep
|turn|13
|
|move|p1a: Toxtricity|Volt Switch|p2a: Grimmsnarl
|-damage|p2a: Grimmsnarl|81/100
|
|switch|p1a: Rotom|Rotom-Heat|100/100|[from]move: Volt Switch
|move|p2a: Grimmsnarl|Play Rough|p1a: Rotom
|-resisted|p1a: Rotom
|-damage|p1a: Rotom|82/100
|
|upkeep
|turn|14
|
|switch|p2a: Dragapult|Dragapult, F|100/100
|move|p1a: Rotom|Will-O-Wisp|p2a: Dragapult
|-status|p2a: Dragapult|brn
|
|-damage|p2a: Dragapult|95/100 brn|[from] brn
|upkeep
|turn|15
|
|move|p2a: Dragapult|Shadow Ball|p1a: Rotom
|-damage|p1a: Rotom|24/100
|move|p1a: Rotom|Rest|p1a: Rotom
|-status|p1a: Rotom|slp|[from] move: Rest
|-heal|p1a: Rotom|100/100 slp|[silent]
|-enditem|p1a: Rotom|Chesto Berry|[eat]
|-curestatus|p1a: Rotom|slp|[msg]
|
|-damage|p2a: Dragapult|89/100 brn|[from] brn
|-sideend|p2: Kriisssk|move: Light Screen
|upkeep
|turn|16
|
|switch|p1a: Obstagoon|Obstagoon, M|100/100 brn
|move|p2a: Dragapult|Shadow Ball|p1a: Obstagoon
|-immune|p1a: Obstagoon
|
|-damage|p2a: Dragapult|83/100 brn|[from] brn
|-damage|p1a: Obstagoon|94/100 brn|[from] brn
|upkeep
|turn|17
|
|switch|p2a: Grimmsnarl|Grimmsnarl, M|81/100
|move|p1a: Obstagoon|Switcheroo|p2a: Grimmsnarl
|-activate|p1a: Obstagoon|move: Trick|[of] p2a: Grimmsnarl
|-item|p2a: Grimmsnarl|Flame Orb|[from] move: Switcheroo
|-item|p1a: Obstagoon|Light Clay|[from] move: Switcheroo
|
|-damage|p1a: Obstagoon|88/100 brn|[from] brn
|-status|p2a: Grimmsnarl|brn|[from] item: Flame Orb
|upkeep
|turn|18
|j| ImperatorPalpatine
|
|switch|p1a: Vikavolt|Vikavolt, M|46/100
|move|p2a: Grimmsnarl|Light Screen|p2a: Grimmsnarl
|-sidestart|p2: Kriisssk|move: Light Screen
|
|-heal|p1a: Vikavolt|52/100|[from] item: Leftovers
|-damage|p2a: Grimmsnarl|75/100 brn|[from] brn
|upkeep
|turn|19
|l| ImperatorPalpatine
|
|move|p1a: Vikavolt|Sticky Web|p2a: Grimmsnarl
|-sidestart|p2: Kriisssk|move: Sticky Web
|move|p2a: Grimmsnarl|Play Rough|p1a: Vikavolt
|-damage|p1a: Vikavolt|32/100
|-unboost|p1a: Vikavolt|atk|1
|
|-heal|p1a: Vikavolt|38/100|[from] item: Leftovers
|-damage|p2a: Grimmsnarl|69/100 brn|[from] brn
|-sideend|p2: Kriisssk|Reflect
|upkeep
|turn|20
|
|move|p2a: Grimmsnarl|Reflect|p2a: Grimmsnarl
|-sidestart|p2: Kriisssk|Reflect
|move|p1a: Vikavolt|Bug Buzz|p2a: Grimmsnarl
|-damage|p2a: Grimmsnarl|54/100 brn
|
|-heal|p1a: Vikavolt|45/100|[from] item: Leftovers
|-damage|p2a: Grimmsnarl|47/100 brn|[from] brn
|upkeep
|turn|21
|
|switch|p2a: Dragapult|Dragapult, F|83/100 brn
|-activate|p2a: Dragapult|move: Sticky Web
|-unboost|p2a: Dragapult|spe|1
|move|p1a: Vikavolt|Sticky Web||[still]
|-fail|p1a: Vikavolt
|
|-heal|p1a: Vikavolt|51/100|[from] item: Leftovers
|-damage|p2a: Dragapult|77/100 brn|[from] brn
|upkeep
|turn|22
|
|move|p2a: Dragapult|Draco Meteor|p1a: Vikavolt
|-damage|p1a: Vikavolt|0 fnt
|-unboost|p2a: Dragapult|spa|2
|faint|p1a: Vikavolt
|
|-damage|p2a: Dragapult|71/100 brn|[from] brn
|-sideend|p2: Kriisssk|move: Light Screen
|upkeep
|
|switch|p1a: Rotom|Rotom-Heat|100/100
|turn|23
|
|switch|p2a: Dracovish|Dracovish|73/100
|-activate|p2a: Dracovish|move: Sticky Web
|-unboost|p2a: Dracovish|spe|1
|move|p1a: Rotom|Will-O-Wisp|p2a: Dracovish
|-status|p2a: Dracovish|brn
|
|-damage|p2a: Dracovish|67/100 brn|[from] brn
|upkeep
|turn|24
|
|move|p1a: Rotom|Overheat|p2a: Dracovish
|-resisted|p2a: Dracovish
|-damage|p2a: Dracovish|45/100 brn
|-unboost|p1a: Rotom|spa|2
|move|p2a: Dracovish|Fishious Rend|p1a: Rotom
|-supereffective|p1a: Rotom
|-damage|p1a: Rotom|8/100
|
|-damage|p2a: Dracovish|39/100 brn|[from] brn
|-sideend|p2: Kriisssk|Reflect
|upkeep
|turn|25
|
|move|p1a: Rotom|Volt Switch|p2a: Dracovish
|-damage|p2a: Dracovish|18/100 brn
|
|switch|p1a: Toxtricity|Toxtricity, F|100/100|[from]move: Volt Switch
|move|p2a: Dracovish|Fishious Rend|p1a: Toxtricity
|-damage|p1a: Toxtricity|0 fnt
|faint|p1a: Toxtricity
|
|-damage|p2a: Dracovish|12/100 brn|[from] brn
|upkeep
|
|switch|p1a: Dracovish|Dracovish|22/100
|turn|26
|
|move|p1a: Dracovish|Fishious Rend|p2a: Dracovish
|-resisted|p2a: Dracovish
|-damage|p2a: Dracovish|0 fnt
|faint|p2a: Dracovish
|
|upkeep
|
|switch|p2a: Grimmsnarl|Grimmsnarl, M|47/100 brn
|-activate|p2a: Grimmsnarl|move: Sticky Web
|-unboost|p2a: Grimmsnarl|spe|1
|turn|27
|
|move|p2a: Grimmsnarl|Reflect|p2a: Grimmsnarl
|-sidestart|p2: Kriisssk|Reflect
|move|p1a: Dracovish|Fishious Rend|p2a: Grimmsnarl
|-damage|p2a: Grimmsnarl|16/100 brn
|
|-damage|p2a: Grimmsnarl|10/100 brn|[from] brn
|upkeep
|turn|28
|
|switch|p1a: Rotom|Rotom-Heat|8/100
|move|p2a: Grimmsnarl|Thunder Wave|p1a: Rotom
|-immune|p1a: Rotom
|
|-damage|p2a: Grimmsnarl|4/100 brn|[from] brn
|upkeep
|turn|29
|
|move|p2a: Grimmsnarl|Light Screen|p2a: Grimmsnarl
|-sidestart|p2: Kriisssk|move: Light Screen
|move|p1a: Rotom|Rest|p1a: Rotom
|-status|p1a: Rotom|slp|[from] move: Rest
|-heal|p1a: Rotom|100/100 slp|[silent]
|
|-damage|p2a: Grimmsnarl|0 fnt|[from] brn
|faint|p2a: Grimmsnarl
|upkeep
|
|switch|p2a: Galvantula|Galvantula, M|1/100
|-activate|p2a: Galvantula|move: Sticky Web
|-unboost|p2a: Galvantula|spe|1
|turn|30
|
|switch|p1a: Dracovish|Dracovish|22/100
|move|p2a: Galvantula|Sticky Web|p1a: Dracovish
|-sidestart|p1: draftgang|move: Sticky Web
|
|upkeep
|turn|31
|
|move|p1a: Dracovish|Fishious Rend|p2a: Galvantula
|-damage|p2a: Galvantula|0 fnt
|faint|p2a: Galvantula
|
|-sideend|p2: Kriisssk|Reflect
|upkeep
|
|switch|p2a: Corsola|Corsola-Galar, M|100/100
|-activate|p2a: Corsola|move: Sticky Web
|-unboost|p2a: Corsola|spe|1
|turn|32
|
|move|p1a: Dracovish|Fishious Rend|p2a: Corsola
|-damage|p2a: Corsola|47/100
|move|p2a: Corsola|Strength Sap|p1a: Dracovish
|-unboost|p1a: Dracovish|atk|1
|-heal|p2a: Corsola|100/100
|
|upkeep
|turn|33
|
|switch|p1a: Rotom|Rotom-Heat|100/100 slp
|move|p2a: Corsola|Stealth Rock|p1a: Rotom
|-sidestart|p1: draftgang|move: Stealth Rock
|
|-sideend|p2: Kriisssk|move: Light Screen
|upkeep
|turn|34
|
|switch|p2a: Dragapult|Dragapult, F|71/100 brn
|-activate|p2a: Dragapult|move: Sticky Web
|-unboost|p2a: Dragapult|spe|1
|cant|p1a: Rotom|slp
|
|-damage|p2a: Dragapult|65/100 brn|[from] brn
|upkeep
|turn|35
|
|move|p2a: Dragapult|Draco Meteor|p1a: Rotom
|-damage|p1a: Rotom|15/100 slp
|-unboost|p2a: Dragapult|spa|2
|cant|p1a: Rotom|slp
|
|-damage|p2a: Dragapult|59/100 brn|[from] brn
|upkeep
|turn|36
|
|move|p2a: Dragapult|Draco Meteor|p1a: Rotom|[miss]
|-miss|p2a: Dragapult|p1a: Rotom
|-curestatus|p1a: Rotom|slp|[msg]
|move|p1a: Rotom|Volt Switch|p2a: Dragapult
|-resisted|p2a: Dragapult
|-crit|p2a: Dragapult
|-damage|p2a: Dragapult|24/100 brn
|
|switch|p1a: Obstagoon|Obstagoon, M|88/100 brn|[from]move: Volt Switch
|-damage|p1a: Obstagoon|76/100 brn|[from] Stealth Rock
|-activate|p1a: Obstagoon|move: Sticky Web
|-unboost|p1a: Obstagoon|spe|1
|
|-damage|p2a: Dragapult|18/100 brn|[from] brn
|-damage|p1a: Obstagoon|70/100 brn|[from] brn
|upkeep
|turn|37
|
|switch|p1a: Dracovish|Dracovish|22/100
|-activate|p1a: Dracovish|move: Sticky Web
|-unboost|p1a: Dracovish|spe|1
|-damage|p1a: Dracovish|10/100|[from] Stealth Rock
|move|p2a: Dragapult|Draco Meteor|p1a: Dracovish
|-supereffective|p1a: Dracovish
|-damage|p1a: Dracovish|0 fnt
|-unboost|p2a: Dragapult|spa|2
|faint|p1a: Dracovish
|
|-damage|p2a: Dragapult|12/100 brn|[from] brn
|upkeep
|
|switch|p1a: Obstagoon|Obstagoon, M|70/100 brn
|-activate|p1a: Obstagoon|move: Sticky Web
|-unboost|p1a: Obstagoon|spe|1
|-damage|p1a: Obstagoon|58/100 brn|[from] Stealth Rock
|turn|38
|
|switch|p1a: Rotom|Rotom-Heat|15/100
|-damage|p1a: Rotom|0 fnt|[from] Stealth Rock
|faint|p1a: Rotom
|move|p2a: Dragapult|Draco Meteor|p1: Rotom|[notarget]
|-fail|p2a: Dragapult
|
|-damage|p2a: Dragapult|6/100 brn|[from] brn
|upkeep
|
|switch|p1a: Obstagoon|Obstagoon, M|58/100 brn
|-damage|p1a: Obstagoon|45/100 brn|[from] Stealth Rock
|-activate|p1a: Obstagoon|move: Sticky Web
|-unboost|p1a: Obstagoon|spe|1
|turn|39
|
|move|p2a: Dragapult|Draco Meteor|p1a: Obstagoon
|-damage|p1a: Obstagoon|8/100 brn
|-unboost|p2a: Dragapult|spa|2
|move|p1a: Obstagoon|Knock Off|p2a: Dragapult
|-supereffective|p2a: Dragapult
|-damage|p2a: Dragapult|0 fnt
|-enditem|p2a: Dragapult|Choice Specs|[from] move: Knock Off|[of] p1a: Obstagoon
|faint|p2a: Dragapult
|
|-damage|p1a: Obstagoon|2/100 brn|[from] brn
|upkeep
|
|switch|p2a: Corsola|Corsola-Galar, M|100/100
|-activate|p2a: Corsola|move: Sticky Web
|-unboost|p2a: Corsola|spe|1
|turn|40
|
|move|p1a: Obstagoon|Knock Off|p2a: Corsola
|-supereffective|p2a: Corsola
|-damage|p2a: Corsola|39/100
|-enditem|p2a: Corsola|Eviolite|[from] move: Knock Off|[of] p1a: Obstagoon
|move|p2a: Corsola|Strength Sap|p1a: Obstagoon
|-unboost|p1a: Obstagoon|atk|1
|-heal|p2a: Corsola|100/100
|
|-damage|p1a: Obstagoon|0 fnt|[from] brn
|faint|p1a: Obstagoon
|
|win|Kriisssk
|upkeep
|raw|draftgang's rating: 1103 → 1079(-24 for losing)
|raw|Kriisssk's rating: 1124 → 1147(+23 for winning)
|c|☆draftgang|bruh
|c|☆draftgang|gg
|c|☆draftgang|i chokeee
