|ScrapeTime|2020-01-02-14:46:55
|j|☆GO98
|j|☆Rick Heinegeber
|player|p1|GO98|gladion|1255
|player|p2|Rick Heinegeber|170|1305
|teamsize|p1|6
|teamsize|p2|6
|gametype|singles
|gen|8
|tier|[Gen 8] OU
|rated|
|rule|Sleep Clause Mod: Limit one foe put to sleep
|rule|Species Clause: Limit one of each Pokémon
|rule|OHKO Clause: OHKO moves are banned
|rule|Evasion Moves Clause: Evasion moves are banned
|rule|Endless Battle Clause: Forcing endless battles is banned
|rule|HP Percentage Mod: HP is shown in percentages
|clearpoke
|poke|p1|Corsola-Galar, M|
|poke|p1|Dracovish|
|poke|p1|Ferrothorn, F|
|poke|p1|Tyranitar, F|
|poke|p1|Accelgor, F|
|poke|p1|Rotom-Heat|
|poke|p2|Kommo-o, F|
|poke|p2|Obstagoon, M|
|poke|p2|Toxtricity, M|
|poke|p2|Clefable, F|
|poke|p2|Gyarados, M|
|poke|p2|Dragapult, M|
|rule|Dynamax Clause: You cannot dynamax
|teampreview
|inactive|Battle timer is ON: inactive players will automatically lose when time's up. (requested by Rick Heinegeber)
|
|start
|switch|p1a: Accelgor|Accelgor, F|100/100
|switch|p2a: Randy Orlando|Obstagoon, M, shiny|100/100
|turn|1
|
|move|p2a: Randy Orlando|Obstruct|p2a: Randy Orlando
|-singleturn|p2a: Randy Orlando|Protect
|move|p1a: Accelgor|Final Gambit|p2a: Randy Orlando
|-activate|p2a: Randy Orlando|move: Protect
|
|-status|p2a: Randy Orlando|brn|[from] item: Flame Orb
|upkeep
|turn|2
|inactive|Rick Heinegeber has 120 seconds left.
|inactive|Rick Heinegeber has 90 seconds left.
|
|switch|p1a: Rotom|Rotom-Heat|100/100
|switch|p2a: MLGyarados|Gyarados, M|100/100
|-ability|p2a: MLGyarados|Intimidate|boost
|-unboost|p1a: Rotom|atk|1
|
|upkeep
|turn|3
|inactive|Rick Heinegeber has 90 seconds left.
|
|switch|p2a: Surge Tankien|Toxtricity, M, shiny|100/100
|move|p1a: Rotom|Volt Switch|p2a: Surge Tankien
|-resisted|p2a: Surge Tankien
|-damage|p2a: Surge Tankien|77/100
|inactive|GO98 has 120 seconds left.
|
|switch|p1a: Ferrothorn|Ferrothorn, F|100/100|[from]move: Volt Switch
|
|upkeep
|turn|4
|
|move|p2a: Surge Tankien|Volt Switch|p1a: Ferrothorn
|-resisted|p1a: Ferrothorn
|-damage|p1a: Ferrothorn|85/100
|
|switch|p2a: Randy Orlando|Obstagoon, M, shiny|100/100 brn|[from]move: Volt Switch
|move|p1a: Ferrothorn|Leech Seed|p2a: Randy Orlando
|-start|p2a: Randy Orlando|move: Leech Seed
|
|-heal|p1a: Ferrothorn|91/100|[from] item: Leftovers
|-damage|p2a: Randy Orlando|88/100 brn|[from] Leech Seed|[of] p1a: Ferrothorn
|-heal|p1a: Ferrothorn|100/100|[silent]
|-damage|p2a: Randy Orlando|82/100 brn|[from] brn
|upkeep
|turn|5
|
|move|p2a: Randy Orlando|Switcheroo|p1a: Ferrothorn
|-activate|p2a: Randy Orlando|move: Trick|[of] p1a: Ferrothorn
|-item|p1a: Ferrothorn|Flame Orb|[from] move: Switcheroo
|-item|p2a: Randy Orlando|Leftovers|[from] move: Switcheroo
|move|p1a: Ferrothorn|Gyro Ball|p2a: Randy Orlando
|-damage|p2a: Randy Orlando|24/100 brn
|
|-heal|p2a: Randy Orlando|30/100 brn|[from] item: Leftovers
|-damage|p2a: Randy Orlando|18/100 brn|[from] Leech Seed|[of] p1a: Ferrothorn
|-damage|p2a: Randy Orlando|12/100 brn|[from] brn
|-status|p1a: Ferrothorn|brn|[from] item: Flame Orb
|upkeep
|turn|6
|inactive|GO98 has 120 seconds left.
|
|switch|p2a: God's Mistake|Clefable, F|100/100
|move|p1a: Ferrothorn|Gyro Ball|p2a: God's Mistake
|-supereffective|p2a: God's Mistake
|-damage|p2a: God's Mistake|53/100
|
|-damage|p1a: Ferrothorn|94/100 brn|[from] brn
|upkeep
|turn|7
|
|move|p2a: God's Mistake|Stealth Rock|p1a: Ferrothorn
|-sidestart|p1: GO98|move: Stealth Rock
|move|p1a: Ferrothorn|Gyro Ball|p2a: God's Mistake
|-supereffective|p2a: God's Mistake
|-damage|p2a: God's Mistake|1/100
|
|-damage|p1a: Ferrothorn|88/100 brn|[from] brn
|upkeep
|turn|8
|
|move|p2a: God's Mistake|Flamethrower|p1a: Ferrothorn
|-supereffective|p1a: Ferrothorn
|-damage|p1a: Ferrothorn|0 fnt
|faint|p1a: Ferrothorn
|
|upkeep
|
|switch|p1a: Rotom|Rotom-Heat|100/100
|-damage|p1a: Rotom|76/100|[from] Stealth Rock
|turn|9
|inactive|Rick Heinegeber has 120 seconds left.
|
|switch|p2a: Surge Tankien|Toxtricity, M, shiny|77/100
|move|p1a: Rotom|Volt Switch|p2a: Surge Tankien
|-resisted|p2a: Surge Tankien
|-damage|p2a: Surge Tankien|54/100
|
|switch|p1a: Drako|Dracovish|100/100|[from]move: Volt Switch
|-damage|p1a: Drako|88/100|[from] Stealth Rock
|
|upkeep
|turn|10
|inactive|Rick Heinegeber has 120 seconds left.
|
|move|p1a: Drako|Fishious Rend|p2a: Surge Tankien
|-damage|p2a: Surge Tankien|0 fnt
|faint|p2a: Surge Tankien
|
|upkeep
|
|switch|p2a: MLGyarados|Gyarados, M|100/100
|-ability|p2a: MLGyarados|Intimidate|boost
|-unboost|p1a: Drako|atk|1
|turn|11
|
|switch|p1a: Tyranitar|Tyranitar, F|100/100
|-damage|p1a: Tyranitar|88/100|[from] Stealth Rock
|-weather|Sandstorm|[from] ability: Sand Stream|[of] p1a: Tyranitar
|switch|p2a: Randy Orlando|Obstagoon, M, shiny|12/100 brn
|
|-weather|Sandstorm|[upkeep]
|-damage|p2a: Randy Orlando|6/100 brn|[from] Sandstorm
|-heal|p2a: Randy Orlando|12/100 brn|[from] item: Leftovers
|-damage|p2a: Randy Orlando|6/100 brn|[from] brn
|upkeep
|turn|12
|inactive|Rick Heinegeber has 90 seconds left.
|
|move|p2a: Randy Orlando|Knock Off|p1a: Tyranitar
|-resisted|p1a: Tyranitar
|-damage|p1a: Tyranitar|65/100
|-enditem|p1a: Tyranitar|Chople Berry|[from] move: Knock Off|[of] p2a: Randy Orlando
|move|p1a: Tyranitar|Crunch|p2a: Randy Orlando
|-resisted|p2a: Randy Orlando
|-damage|p2a: Randy Orlando|0 fnt
|faint|p2a: Randy Orlando
|
|-weather|Sandstorm|[upkeep]
|upkeep
|inactive|Rick Heinegeber has 90 seconds left.
|
|switch|p2a: Puff|Kommo-o, F, shiny|100/100
|turn|13
|inactive|GO98 has 120 seconds left.
|c|☆GO98|!weak kommo-o
|html|Kommo-o (ignoring abilities):Weaknesses: Dragon, Fairy, Flying, Ice, PsychicResistances: Bug, Dark, Electric, Fire, Grass, Rock, WaterImmunities: None
|
|move|p2a: Puff|Clangorous Soul|p2a: Puff
|-boost|p2a: Puff|atk|1
|-boost|p2a: Puff|def|1
|-boost|p2a: Puff|spa|1
|-boost|p2a: Puff|spd|1
|-boost|p2a: Puff|spe|1
|-damage|p2a: Puff|67/100
|-enditem|p2a: Puff|Throat Spray
|-boost|p2a: Puff|spa|1
|move|p1a: Tyranitar|Crunch|p2a: Puff
|-resisted|p2a: Puff
|-damage|p2a: Puff|53/100
|
|-weather|Sandstorm|[upkeep]
|-damage|p2a: Puff|47/100|[from] Sandstorm
|upkeep
|turn|14
|
|move|p2a: Puff|Drain Punch|p1a: Tyranitar
|-supereffective|p1a: Tyranitar
|-damage|p1a: Tyranitar|0 fnt
|-heal|p2a: Puff|88/100|[from] drain|[of] p1a: Tyranitar
|faint|p1a: Tyranitar
|
|-weather|Sandstorm|[upkeep]
|-damage|p2a: Puff|82/100|[from] Sandstorm
|upkeep
|
|switch|p1a: Accelgor|Accelgor, F|100/100
|-damage|p1a: Accelgor|75/100|[from] Stealth Rock
|turn|15
|
|move|p1a: Accelgor|Final Gambit|p2a: Puff
|-damage|p2a: Puff|0 fnt
|faint|p1a: Accelgor
|faint|p2a: Puff
|
|-weather|none
|upkeep
|
|switch|p1a: Rotom|Rotom-Heat|76/100
|switch|p2a: Pistol Pete|Dragapult, M, shiny|100/100
|-damage|p1a: Rotom|51/100|[from] Stealth Rock
|turn|16
|
|move|p1a: Rotom|Foul Play|p2a: Pistol Pete
|-supereffective|p2a: Pistol Pete
|-damage|p2a: Pistol Pete|22/100
|move|p2a: Pistol Pete|U-turn|p1a: Rotom
|-resisted|p1a: Rotom
|-damage|p1a: Rotom|27/100
|
|switch|p2a: MLGyarados|Gyarados, M|100/100|[from]move: U-turn
|-ability|p2a: MLGyarados|Intimidate|boost
|-unboost|p1a: Rotom|atk|1
|
|upkeep
|turn|17
|
|move|p1a: Rotom|Foul Play|p2a: MLGyarados
|-damage|p2a: MLGyarados|61/100
|move|p2a: MLGyarados|Dragon Dance|p2a: MLGyarados
|-boost|p2a: MLGyarados|atk|1
|-boost|p2a: MLGyarados|spe|1
|
|-heal|p2a: MLGyarados|67/100|[from] item: Leftovers
|upkeep
|turn|18
|inactive|GO98 has 120 seconds left.
|
|move|p1a: Rotom|Foul Play|p2a: MLGyarados
|-damage|p2a: MLGyarados|2/100
|move|p2a: MLGyarados|Dragon Dance|p2a: MLGyarados
|-boost|p2a: MLGyarados|atk|1
|-boost|p2a: MLGyarados|spe|1
|
|-heal|p2a: MLGyarados|8/100|[from] item: Leftovers
|upkeep
|turn|19
|
|move|p2a: MLGyarados|Waterfall|p1a: Rotom
|-supereffective|p1a: Rotom
|-damage|p1a: Rotom|0 fnt
|faint|p1a: Rotom
|
|-heal|p2a: MLGyarados|14/100|[from] item: Leftovers
|upkeep
|
|switch|p1a: Curse-Olá|Corsola-Galar, M|100/100
|-damage|p1a: Curse-Olá|88/100|[from] Stealth Rock
|turn|20
|
|move|p2a: MLGyarados|Waterfall|p1a: Curse-Olá
|-damage|p1a: Curse-Olá|37/100
|move|p1a: Curse-Olá|Night Shade|p2a: MLGyarados
|-damage|p2a: MLGyarados|0 fnt
|faint|p2a: MLGyarados
|
|upkeep
|
|switch|p2a: God's Mistake|Clefable, F|1/100
|turn|21
|
|move|p2a: God's Mistake|Moonblast|p1a: Curse-Olá
|-damage|p1a: Curse-Olá|2/100
|move|p1a: Curse-Olá|Strength Sap|p2a: God's Mistake
|-unboost|p2a: God's Mistake|atk|1
|-heal|p1a: Curse-Olá|47/100
|
|upkeep
|turn|22
|
|move|p2a: God's Mistake|Moonblast|p1a: Curse-Olá
|-damage|p1a: Curse-Olá|11/100
|move|p1a: Curse-Olá|Strength Sap|p2a: God's Mistake
|-unboost|p2a: God's Mistake|atk|1
|-heal|p1a: Curse-Olá|41/100
|
|upkeep
|turn|23
|
|move|p2a: God's Mistake|Moonblast|p1a: Curse-Olá
|-damage|p1a: Curse-Olá|8/100
|-start|p2a: God's Mistake|Disable|Moonblast|[from] ability: Cursed Body|[of] p1a: Curse-Olá
|-unboost|p1a: Curse-Olá|spa|1
|move|p1a: Curse-Olá|Night Shade|p2a: God's Mistake
|-damage|p2a: God's Mistake|0 fnt
|faint|p2a: God's Mistake
|
|upkeep
|
|switch|p2a: Pistol Pete|Dragapult, M, shiny|22/100
|turn|24
|
|move|p2a: Pistol Pete|Dragon Darts|p1a: Curse-Olá
|-damage|p1a: Curse-Olá|0 fnt
|-start|p2a: Pistol Pete|Disable|Dragon Darts|[from] ability: Cursed Body|[of] p1a: Curse-Olá
|-hitcount|p1a: Curse-Olá|1
|faint|p1a: Curse-Olá
|
|upkeep
|
|switch|p1a: Drako|Dracovish|88/100
|-damage|p1a: Drako|76/100|[from] Stealth Rock
|turn|25
|inactive|Rick Heinegeber has 90 seconds left.
|c|☆Rick Heinegeber|fuck off hax
|c|☆GO98|ohh gg
|c|☆GO98|u win
|c|☆GO98|cuz ur faster
|inactive|Rick Heinegeber has 60 seconds left.
|c|☆Rick Heinegeber|struggle is my only move option
|c|☆GO98|oh shit
|c|☆GO98|damn ur choice band
|inactive|Rick Heinegeber has 30 seconds left.
|
|-activate|p2a: Pistol Pete|move: Struggle
|move|p2a: Pistol Pete|Struggle|p1a: Drako
|-damage|p1a: Drako|50/100
|-damage|p2a: Pistol Pete|0 fnt|[from] recoil
|faint|p2a: Pistol Pete
|
|win|GO98
|c|☆GO98|im scarfed tho gg
|c|☆Rick Heinegeber|dragon darts outspeed and 1hko
|c|☆GO98|yeah
|raw|GO98's rating: 1255 → 1283(+28 for winning)
|raw|Rick Heinegeber's rating: 1305 → 1282(-23 for losing)
