|ScrapeTime|2020-01-01-22:50:46
|j|☆DragontamerChinito
|j|☆Rooseytwl
|player|p1|DragontamerChinito|hugh|1145
|player|p2|Rooseytwl|2|1155
|teamsize|p1|6
|teamsize|p2|6
|gametype|singles
|gen|8
|tier|[Gen 8] OU
|rated|
|rule|Sleep Clause Mod: Limit one foe put to sleep
|rule|Species Clause: Limit one of each Pokémon
|rule|OHKO Clause: OHKO moves are banned
|rule|Evasion Moves Clause: Evasion moves are banned
|rule|Endless Battle Clause: Forcing endless battles is banned
|rule|HP Percentage Mod: HP is shown in percentages
|clearpoke
|poke|p1|Hydreigon, F|
|poke|p1|Cinderace, F|
|poke|p1|Toxtricity, M|
|poke|p1|Mew|
|poke|p1|Aegislash, F|
|poke|p1|Dracovish|
|poke|p2|Clefable, M|
|poke|p2|Togekiss, M|
|poke|p2|Hydreigon, M|
|poke|p2|Cinderace, F|
|poke|p2|Ferrothorn, M|
|poke|p2|Hatterene, F|
|rule|Dynamax Clause: You cannot dynamax
|teampreview
|
|start
|switch|p1a: Mew|Mew|100/100
|switch|p2a: Ferrothorn|Ferrothorn, M|100/100
|turn|1
|
|move|p1a: Mew|Taunt|p2a: Ferrothorn
|-start|p2a: Ferrothorn|move: Taunt
|cant|p2a: Ferrothorn|move: Taunt|Leech Seed
|
|upkeep
|turn|2
|
|switch|p1a: Toxtricity|Toxtricity, M|100/100
|switch|p2a: Hatterene|Hatterene, F|100/100
|
|upkeep
|turn|3
|inactive|Battle timer is ON: inactive players will automatically lose when time's up. (requested by Rooseytwl)
|
|switch|p2a: Ferrothorn|Ferrothorn, M|100/100
|move|p1a: Toxtricity|Boomburst|p2a: Ferrothorn
|-resisted|p2a: Ferrothorn
|-damage|p2a: Ferrothorn|63/100
|
|upkeep
|turn|4
|
|move|p1a: Toxtricity|Boomburst|p2a: Ferrothorn
|-resisted|p2a: Ferrothorn
|-damage|p2a: Ferrothorn|29/100
|move|p2a: Ferrothorn|Leech Seed|p1a: Toxtricity
|-start|p1a: Toxtricity|move: Leech Seed
|
|-damage|p1a: Toxtricity|88/100|[from] Leech Seed|[of] p2a: Ferrothorn
|-heal|p2a: Ferrothorn|39/100|[silent]
|upkeep
|turn|5
|
|switch|p1a: Dracovish|Dracovish|100/100
|move|p2a: Ferrothorn|Protect||[still]
|-fail|p2a: Ferrothorn
|
|upkeep
|turn|6
|
|move|p1a: Dracovish|Fishious Rend|p2a: Ferrothorn
|-resisted|p2a: Ferrothorn
|-damage|p2a: Ferrothorn|0 fnt
|-damage|p1a: Dracovish|88/100|[from] ability: Iron Barbs|[of] p2a: Ferrothorn
|-damage|p1a: Dracovish|72/100|[from] item: Rocky Helmet|[of] p2a: Ferrothorn
|faint|p2a: Ferrothorn
|
|upkeep
|
|switch|p2a: Togekiss|Togekiss, M|100/100
|turn|7
|
|switch|p1a: Mew|Mew|100/100
|move|p2a: Togekiss|Air Slash|p1a: Mew
|-damage|p1a: Mew|62/100
|-enditem|p1a: Mew|Red Card|[of] p2a: Togekiss
|drag|p2a: Cinderace|Cinderace, F|100/100
|
|upkeep
|turn|8
|
|move|p2a: Cinderace|Pyro Ball|p1a: Mew
|-damage|p1a: Mew|0 fnt
|-damage|p2a: Cinderace|91/100|[from] item: Life Orb
|faint|p1a: Mew
|
|upkeep
|
|switch|p1a: Hydreigon|Hydreigon, F|100/100
|turn|9
|
|move|p1a: Hydreigon|Draco Meteor|p2a: Cinderace
|-damage|p2a: Cinderace|0 fnt
|-unboost|p1a: Hydreigon|spa|2
|faint|p2a: Cinderace
|
|upkeep
|
|switch|p2a: Hydreigon|Hydreigon, M|100/100
|turn|10
|
|move|p1a: Hydreigon|Draco Meteor|p2a: Hydreigon
|-supereffective|p2a: Hydreigon
|-damage|p2a: Hydreigon|20/100
|-unboost|p1a: Hydreigon|spa|2
|move|p2a: Hydreigon|Nasty Plot|p2a: Hydreigon
|-boost|p2a: Hydreigon|spa|2
|
|-heal|p2a: Hydreigon|27/100|[from] item: Leftovers
|upkeep
|turn|11
|
|move|p1a: Hydreigon|Draco Meteor|p2a: Hydreigon
|-supereffective|p2a: Hydreigon
|-damage|p2a: Hydreigon|0 fnt
|-unboost|p1a: Hydreigon|spa|2
|faint|p2a: Hydreigon
|
|upkeep
|
|switch|p2a: Clefable|Clefable, M|100/100
|turn|12
|
|switch|p1a: Toxtricity|Toxtricity, M|88/100
|move|p2a: Clefable|Calm Mind|p2a: Clefable
|-boost|p2a: Clefable|spa|1
|-boost|p2a: Clefable|spd|1
|
|upkeep
|turn|13
|
|move|p1a: Toxtricity|Sludge Wave|p2a: Clefable
|-supereffective|p2a: Clefable
|-damage|p2a: Clefable|18/100
|move|p2a: Clefable|Flamethrower|p1a: Toxtricity
|-damage|p1a: Toxtricity|1/100
|
|upkeep
|turn|14
|
|move|p1a: Toxtricity|Sludge Wave|p2a: Clefable
|-supereffective|p2a: Clefable
|-damage|p2a: Clefable|0 fnt
|faint|p2a: Clefable
|
|upkeep
|
|switch|p2a: Togekiss|Togekiss, M|100/100
|turn|15
|
|switch|p1a: Cinderace|Cinderace, F|100/100
|move|p2a: Togekiss|Air Slash|p1a: Cinderace
|-damage|p1a: Cinderace|49/100
|
|upkeep
|turn|16
|
|move|p2a: Togekiss|Air Slash|p1a: Cinderace
|-damage|p1a: Cinderace|0 fnt
|faint|p1a: Cinderace
|
|upkeep
|
|switch|p1a: Aegislash|Aegislash, F|100/100
|-item|p1a: Aegislash|Air Balloon
|turn|17
|
|move|p2a: Togekiss|Air Slash|p1a: Aegislash|[miss]
|-miss|p2a: Togekiss|p1a: Aegislash
|-formechange|p1a: Aegislash|Aegislash-Blade||[from] ability: Stance Change
|move|p1a: Aegislash|Iron Head|p2a: Togekiss
|-supereffective|p2a: Togekiss
|-damage|p2a: Togekiss|0 fnt
|faint|p2a: Togekiss
|
|upkeep
|
|switch|p2a: Hatterene|Hatterene, F|100/100
|turn|18
|
|move|p1a: Aegislash|Iron Head|p2a: Hatterene
|-supereffective|p2a: Hatterene
|-damage|p2a: Hatterene|0 fnt
|faint|p2a: Hatterene
|
|win|DragontamerChinito
|l|☆Rooseytwl
|raw|DragontamerChinito's rating: 1145 → 1171(+26 for winning)
|raw|Rooseytwl's rating: 1155 → 1129(-26 for losing)
