|ScrapeTime|2020-01-02-11:15:53
|j|☆Some Ferret
|j|☆fan kocica
|player|p1|Some Ferret|165|1058
|player|p2|fan kocica|265|1040
|teamsize|p1|6
|teamsize|p2|6
|gametype|singles
|gen|8
|tier|[Gen 8] OU
|rated|
|rule|Sleep Clause Mod: Limit one foe put to sleep
|rule|Species Clause: Limit one of each Pokémon
|rule|OHKO Clause: OHKO moves are banned
|rule|Evasion Moves Clause: Evasion moves are banned
|rule|Endless Battle Clause: Forcing endless battles is banned
|rule|HP Percentage Mod: HP is shown in percentages
|clearpoke
|poke|p1|Inteleon, F|
|poke|p1|Noctowl, M|
|poke|p1|Spritzee, M|
|poke|p1|Whimsicott, F|
|poke|p1|Liepard, F|
|poke|p1|Thievul, M|
|poke|p2|Dragapult, M|
|poke|p2|Togekiss, F|
|poke|p2|Rotom-Wash|
|poke|p2|Corviknight, M|
|poke|p2|Umbreon, F|
|poke|p2|Mimikyu, M|
|rule|Dynamax Clause: You cannot dynamax
|teampreview
|c|☆Some Ferret|Gl hf
|
|start
|switch|p1a: Tricke|Liepard, F|100/100
|switch|p2a: Togekiss|Togekiss, F|100/100
|turn|1
|
|move|p1a: Tricke|Fake Out|p2a: Togekiss
|-damage|p2a: Togekiss|87/100
|cant|p2a: Togekiss|flinch
|
|upkeep
|turn|2
|
|move|p2a: Togekiss|Air Slash|p1a: Tricke
|-damage|p1a: Tricke|15/100
|cant|p1a: Tricke|flinch
|
|upkeep
|turn|3
|
|move|p2a: Togekiss|Air Slash|p1a: Tricke
|-damage|p1a: Tricke|0 fnt
|faint|p1a: Tricke
|
|upkeep
|
|switch|p1a: Pond|Inteleon, F|100/100
|turn|4
|
|move|p2a: Togekiss|Air Slash|p1a: Pond
|-damage|p1a: Pond|31/100
|cant|p1a: Pond|flinch
|
|upkeep
|turn|5
|
|move|p2a: Togekiss|Air Slash|p1a: Pond
|-damage|p1a: Pond|0 fnt
|faint|p1a: Pond
|
|upkeep
|
|switch|p1a: Who?|Noctowl, M|100/100
|turn|6
|
|move|p2a: Togekiss|Air Slash|p1a: Who?
|-damage|p1a: Who?|63/100
|cant|p1a: Who?|flinch
|
|upkeep
|turn|7
|inactive|Battle timer is ON: inactive players will automatically lose when time's up. (requested by fan kocica)
|
|move|p2a: Togekiss|Air Slash|p1a: Who?
|-damage|p1a: Who?|24/100
|cant|p1a: Who?|flinch
|
|upkeep
|turn|8
|
|move|p2a: Togekiss|Air Slash|p1a: Who?
|-damage|p1a: Who?|0 fnt
|faint|p1a: Who?
|
|upkeep
|
|switch|p1a: Viper|Thievul, M|100/100
|turn|9
|
|move|p2a: Togekiss|Air Slash|p1a: Viper
|-damage|p1a: Viper|57/100
|cant|p1a: Viper|flinch
|
|upkeep
|turn|10
|
|move|p2a: Togekiss|Air Slash|p1a: Viper
|-damage|p1a: Viper|9/100
|cant|p1a: Viper|flinch
|
|upkeep
|turn|11
|
|move|p2a: Togekiss|Air Slash|p1a: Viper
|-damage|p1a: Viper|0 fnt
|faint|p1a: Viper
|
|upkeep
|
|switch|p1a: Mystec|Spritzee, M|100/100
|turn|12
|
|move|p2a: Togekiss|Air Slash|p1a: Mystec
|-damage|p1a: Mystec|72/100
|cant|p1a: Mystec|flinch
|
|upkeep
|turn|13
|
|move|p2a: Togekiss|Air Slash|p1a: Mystec
|-damage|p1a: Mystec|43/100
|move|p1a: Mystec|Flash Cannon|p2a: Togekiss
|-supereffective|p2a: Togekiss
|-damage|p2a: Togekiss|55/100
|
|upkeep
|turn|14
|
|move|p2a: Togekiss|Air Slash|p1a: Mystec
|-damage|p1a: Mystec|16/100
|cant|p1a: Mystec|flinch
|
|upkeep
|turn|15
|c|☆Some Ferret|Gg
|
|move|p2a: Togekiss|Air Slash|p1a: Mystec
|-damage|p1a: Mystec|0 fnt
|faint|p1a: Mystec
|
|upkeep
|
|switch|p1a: Candyfloss|Whimsicott, F|100/100
|turn|16
|
|move|p2a: Togekiss|Air Slash|p1a: Candyfloss
|-supereffective|p1a: Candyfloss
|-damage|p1a: Candyfloss|0 fnt
|faint|p1a: Candyfloss
|
|win|fan kocica
|raw|Some Ferret's rating: 1058 → 1039(-19 for losing)
|raw|fan kocica's rating: 1040 → 1076(+36 for winning)
