|ScrapeTime|2020-01-03-00:16:29
|j|☆priparap
|j|☆fieox1337
|player|p1|priparap|45|1680
|player|p2|fieox1337|2|1727
|teamsize|p1|6
|teamsize|p2|6
|gametype|singles
|gen|8
|tier|[Gen 8] OU
|rated|
|rule|Sleep Clause Mod: Limit one foe put to sleep
|rule|Species Clause: Limit one of each Pokémon
|rule|OHKO Clause: OHKO moves are banned
|rule|Evasion Moves Clause: Evasion moves are banned
|rule|Endless Battle Clause: Forcing endless battles is banned
|rule|HP Percentage Mod: HP is shown in percentages
|clearpoke
|poke|p1|Bisharp, F|
|poke|p1|Gyarados, F|
|poke|p1|Mew|
|poke|p1|Clefable, M|
|poke|p1|Kommo-o, F|
|poke|p1|Gengar, F|
|poke|p2|Garbodor, F|
|poke|p2|Grimmsnarl, M|
|poke|p2|Toxtricity, F|
|poke|p2|Bisharp, F|
|poke|p2|Gengar, M|
|poke|p2|Hydreigon, M|
|rule|Dynamax Clause: You cannot dynamax
|teampreview
|j| sungod53
|j| BurglarOfTeams
|l| sungod53
|j| m8puppet
|inactive|Battle timer is ON: inactive players will automatically lose when time's up. (requested by fieox1337)
|c|☆priparap|glhf
|
|start
|switch|p1a: Mew|Mew|100/100
|switch|p2a: Garbodor|Garbodor, F|100/100
|turn|1
|c| BurglarOfTeams|thx u2
|
|move|p1a: Mew|Taunt|p2a: Garbodor
|-start|p2a: Garbodor|move: Taunt
|cant|p2a: Garbodor|move: Taunt|Spikes
|
|upkeep
|turn|2
|
|move|p1a: Mew|Stealth Rock|p2a: Garbodor
|-sidestart|p2: fieox1337|move: Stealth Rock
|move|p2a: Garbodor|Gunk Shot|p1a: Mew
|-damage|p1a: Mew|50/100
|-enditem|p1a: Mew|Red Card|[of] p2a: Garbodor
|drag|p2a: Hydreigon|Hydreigon, M|100/100
|-damage|p2a: Hydreigon|88/100|[from] Stealth Rock
|
|-heal|p2a: Hydreigon|94/100|[from] item: Leftovers
|upkeep
|turn|3
|
|move|p1a: Mew|Spikes|p2a: Hydreigon
|-sidestart|p2: fieox1337|Spikes
|move|p2a: Hydreigon|Dark Pulse|p1a: Mew
|-supereffective|p1a: Mew
|-damage|p1a: Mew|0 fnt
|faint|p1a: Mew
|
|-heal|p2a: Hydreigon|100/100|[from] item: Leftovers
|upkeep
|
|switch|p1a: Clefable|Clefable, M|100/100
|turn|4
|
|switch|p2a: Garbodor|Garbodor, F|100/100
|-damage|p2a: Garbodor|88/100|[from] Stealth Rock
|-damage|p2a: Garbodor|76/100|[from] Spikes
|move|p1a: Clefable|Psychic|p2a: Garbodor
|-supereffective|p2a: Garbodor
|-damage|p2a: Garbodor|0 fnt
|faint|p2a: Garbodor
|
|upkeep
|
|switch|p2a: Bisharp|Bisharp, F|100/100
|-damage|p2a: Bisharp|88/100|[from] Spikes
|-damage|p2a: Bisharp|82/100|[from] Stealth Rock
|turn|5
|inactive|priparap has 120 seconds left.
|
|switch|p1a: Kommo-o|Kommo-o, F|100/100
|move|p2a: Bisharp|Iron Head|p1a: Kommo-o
|-damage|p1a: Kommo-o|61/100
|
|upkeep
|turn|6
|inactive|priparap has 120 seconds left.
|
|switch|p2a: Grimmsnarl|Grimmsnarl, M|100/100
|-damage|p2a: Grimmsnarl|88/100|[from] Stealth Rock
|-damage|p2a: Grimmsnarl|76/100|[from] Spikes
|move|p1a: Kommo-o|Flamethrower|p2a: Grimmsnarl
|-damage|p2a: Grimmsnarl|47/100
|-enditem|p2a: Grimmsnarl|Eject Button
|
|switch|p2a: Gengar|Gengar, M|100/100
|-damage|p2a: Gengar|88/100|[from] Spikes
|-damage|p2a: Gengar|76/100|[from] Stealth Rock
|
|upkeep
|turn|7
|
|switch|p1a: Bisharp|Bisharp, F|100/100
|move|p2a: Gengar|Dazzling Gleam|p1a: Bisharp
|-damage|p1a: Bisharp|52/100
|
|upkeep
|turn|8
|
|switch|p2a: Grimmsnarl|Grimmsnarl, M|47/100
|-damage|p2a: Grimmsnarl|34/100|[from] Stealth Rock
|-damage|p2a: Grimmsnarl|22/100|[from] Spikes
|move|p1a: Bisharp|Throat Chop|p2a: Grimmsnarl
|-resisted|p2a: Grimmsnarl
|-damage|p2a: Grimmsnarl|12/100
|-start|p2a: Grimmsnarl|Throat Chop|[silent]
|
|upkeep
|turn|9
|
|move|p2a: Grimmsnarl|Reflect|p2a: Grimmsnarl
|-sidestart|p2: fieox1337|Reflect
|move|p1a: Bisharp|Iron Head|p2a: Grimmsnarl
|-supereffective|p2a: Grimmsnarl
|-damage|p2a: Grimmsnarl|0 fnt
|faint|p2a: Grimmsnarl
|
|upkeep
|inactive|fieox1337 has 120 seconds left.
|
|switch|p2a: Toxtricity|Toxtricity, F|100/100
|-damage|p2a: Toxtricity|88/100|[from] Stealth Rock
|-damage|p2a: Toxtricity|76/100|[from] Spikes
|turn|10
|
|move|p2a: Toxtricity|Overdrive|p1a: Bisharp
|-crit|p1a: Bisharp
|-damage|p1a: Bisharp|0 fnt
|-damage|p2a: Toxtricity|66/100|[from] item: Life Orb
|faint|p1a: Bisharp
|
|upkeep
|
|switch|p1a: Gengar|Gengar, F|100/100
|turn|11
|
|move|p1a: Gengar|Shadow Ball|p2a: Toxtricity
|-damage|p2a: Toxtricity|5/100
|move|p2a: Toxtricity|Overdrive|p1a: Gengar
|-damage|p1a: Gengar|0 fnt
|-damage|p2a: Toxtricity|0 fnt|[from] item: Life Orb
|faint|p1a: Gengar
|faint|p2a: Toxtricity
|
|upkeep
|
|switch|p1a: Kommo-o|Kommo-o, F|61/100
|switch|p2a: Gengar|Gengar, M|76/100
|-damage|p2a: Gengar|64/100|[from] Stealth Rock
|-damage|p2a: Gengar|51/100|[from] Spikes
|turn|12
|j| AgentJojo
|
|move|p2a: Gengar|Dazzling Gleam|p1a: Kommo-o
|-supereffective|p1a: Kommo-o
|-damage|p1a: Kommo-o|0 fnt
|faint|p1a: Kommo-o
|
|upkeep
|
|switch|p1a: Gyarados|Gyarados, F|100/100
|-ability|p1a: Gyarados|Intimidate|boost
|-unboost|p2a: Gengar|atk|1
|turn|13
|
|switch|p2a: Bisharp|Bisharp, F|82/100
|-damage|p2a: Bisharp|77/100|[from] Stealth Rock
|-damage|p2a: Bisharp|64/100|[from] Spikes
|move|p1a: Gyarados|Dragon Dance|p1a: Gyarados
|-boost|p1a: Gyarados|atk|1
|-boost|p1a: Gyarados|spe|1
|
|-sideend|p2: fieox1337|Reflect
|upkeep
|turn|14
|
|move|p1a: Gyarados|Earthquake|p2a: Bisharp
|-supereffective|p2a: Bisharp
|-damage|p2a: Bisharp|0 fnt
|faint|p2a: Bisharp
|
|upkeep
|
|switch|p2a: Gengar|Gengar, M|51/100
|-damage|p2a: Gengar|39/100|[from] Stealth Rock
|-damage|p2a: Gengar|27/100|[from] Spikes
|turn|15
|
|switch|p1a: Clefable|Clefable, M|100/100
|move|p2a: Gengar|Thunderbolt|p1a: Clefable
|-damage|p1a: Clefable|72/100
|
|upkeep
|turn|16
|
|switch|p2a: Hydreigon|Hydreigon, M|100/100
|-damage|p2a: Hydreigon|88/100|[from] Stealth Rock
|move|p1a: Clefable|Moonlight|p1a: Clefable
|-heal|p1a: Clefable|100/100
|
|-heal|p2a: Hydreigon|94/100|[from] item: Leftovers
|upkeep
|turn|17
|
|move|p2a: Hydreigon|Substitute|p2a: Hydreigon
|-start|p2a: Hydreigon|Substitute
|-damage|p2a: Hydreigon|69/100
|move|p1a: Clefable|Moonblast|p2a: Hydreigon
|-supereffective|p2a: Hydreigon
|-end|p2a: Hydreigon|Substitute
|
|-heal|p2a: Hydreigon|76/100|[from] item: Leftovers
|upkeep
|turn|18
|
|move|p2a: Hydreigon|Flash Cannon|p1a: Clefable
|-supereffective|p1a: Clefable
|-damage|p1a: Clefable|46/100
|move|p1a: Clefable|Moonblast|p2a: Hydreigon
|-supereffective|p2a: Hydreigon
|-damage|p2a: Hydreigon|0 fnt
|faint|p2a: Hydreigon
|
|upkeep
|
|switch|p2a: Gengar|Gengar, M|27/100
|-damage|p2a: Gengar|15/100|[from] Stealth Rock
|-damage|p2a: Gengar|2/100|[from] Spikes
|turn|19
|
|move|p2a: Gengar|Thunderbolt|p1a: Clefable
|-damage|p1a: Clefable|14/100
|move|p1a: Clefable|Moonblast|p2a: Gengar
|-resisted|p2a: Gengar
|-damage|p2a: Gengar|0 fnt
|faint|p2a: Gengar
|
|win|priparap
|c| BurglarOfTeams|gg
|l| m8puppet
|c|☆priparap|gg
|l|☆fieox1337
|l| BurglarOfTeams
|raw|priparap's rating: 1680 → 1701(+21 for winning)
|raw|fieox1337's rating: 1704 → 1683(-21 for losing)
|l| AgentJojo
