|ScrapeTime|2020-01-02-23:48:36
|j|☆WhyWouldUSashThat!
|j|☆Finh
|player|p1|WhyWouldUSashThat!|schoolboy-gen2|1230
|player|p2|Finh|101|1269
|teamsize|p1|6
|teamsize|p2|6
|gametype|singles
|gen|8
|tier|[Gen 8] OU
|rated|
|rule|Sleep Clause Mod: Limit one foe put to sleep
|rule|Species Clause: Limit one of each Pokémon
|rule|OHKO Clause: OHKO moves are banned
|rule|Evasion Moves Clause: Evasion moves are banned
|rule|Endless Battle Clause: Forcing endless battles is banned
|rule|HP Percentage Mod: HP is shown in percentages
|clearpoke
|poke|p1|Aegislash, F|
|poke|p1|Cinderace, M|
|poke|p1|Clefable, M|
|poke|p1|Dracovish|
|poke|p1|Araquanid, F|
|poke|p1|Toxtricity, F|
|poke|p2|Tyranitar, F|
|poke|p2|Cinderace, M|
|poke|p2|Corsola-Galar, F|
|poke|p2|Dracozolt|
|poke|p2|Mr. Mime-Galar, M|
|poke|p2|Obstagoon, F|
|rule|Dynamax Clause: You cannot dynamax
|teampreview
|
|start
|switch|p1a: Dracovish|Dracovish|100/100
|switch|p2a: Obstagoon|Obstagoon, F|100/100
|turn|1
|
|move|p1a: Dracovish|Fishious Rend|p2a: Obstagoon
|-damage|p2a: Obstagoon|0 fnt
|faint|p2a: Obstagoon
|
|upkeep
|
|switch|p2a: Mr. Mime|Mr. Mime-Galar, M|100/100
|turn|2
|l|☆Finh
|player|p2|
|inactive|Battle timer is ON: inactive players will automatically lose when time's up. (requested by WhyWouldUSashThat!)
|
|switch|p1a: Aegislash|Aegislash, F|100/100
|move|p2a: Mr. Mime|Freeze-Dry|p1a: Aegislash
|-resisted|p1a: Aegislash
|-damage|p1a: Aegislash|86/100
|
|upkeep
|turn|3
|j|☆Finh
|inactive|Finh reconnected and has 145 seconds left.
|player|p2|Finh|101
|inactive|Finh has 120 seconds left.
|
|switch|p2a: Cinderace|Cinderace, M|100/100
|switch|p1a: Dracovish|Dracovish|100/100
|
|upkeep
|turn|4
|
|move|p1a: Dracovish|Fishious Rend|p2a: Cinderace
|-supereffective|p2a: Cinderace
|-damage|p2a: Cinderace|0 fnt
|faint|p2a: Cinderace
|
|upkeep
|
|switch|p2a: Corsola|Corsola-Galar, F|100/100
|turn|5
|
|switch|p1a: Clefable|Clefable, M|100/100
|move|p2a: Corsola|Stealth Rock|p1a: Clefable
|-sidestart|p1: WhyWouldUSashThat!|move: Stealth Rock
|
|upkeep
|turn|6
|inactive|Finh has 90 seconds left.
|
|switch|p2a: Mr. Mime|Mr. Mime-Galar, M|100/100
|move|p1a: Clefable|Moonblast|p2a: Mr. Mime
|-damage|p2a: Mr. Mime|13/100
|-unboost|p2a: Mr. Mime|spa|1
|
|upkeep
|turn|7
|inactive|Finh has 60 seconds left.
|
|switch|p1a: Aegislash|Aegislash, F|86/100
|-damage|p1a: Aegislash|79/100|[from] Stealth Rock
|move|p2a: Mr. Mime|Blizzard|p1a: Aegislash
|-resisted|p1a: Aegislash
|-damage|p1a: Aegislash|64/100
|
|upkeep
|turn|8
|inactive|Finh has 30 seconds left.
|
|switch|p2a: Dracozolt|Dracozolt|100/100
|-formechange|p1a: Aegislash|Aegislash-Blade||[from] ability: Stance Change
|move|p1a: Aegislash|Iron Head|p2a: Dracozolt
|-resisted|p2a: Dracozolt
|-damage|p2a: Dracozolt|72/100
|
|upkeep
|turn|9
|inactive|Finh has 30 seconds left.
|inactive|WhyWouldUSashThat! has 120 seconds left.
|
|switch|p1a: Toxtricity|Toxtricity, F|100/100
|-damage|p1a: Toxtricity|88/100|[from] Stealth Rock
|move|p2a: Dracozolt|Substitute|p2a: Dracozolt
|-start|p2a: Dracozolt|Substitute
|-damage|p2a: Dracozolt|47/100
|
|upkeep
|turn|10
|inactive|Finh has 30 seconds left.
|
|move|p1a: Toxtricity|Boomburst|p2a: Dracozolt
|-damage|p2a: Dracozolt|0 fnt
|faint|p2a: Dracozolt
|
|upkeep
|inactive|Finh has 30 seconds left.
|
|switch|p2a: Tyranitar|Tyranitar, F|100/100
|-weather|Sandstorm|[from] ability: Sand Stream|[of] p2a: Tyranitar
|turn|11
|inactive|Finh has 30 seconds left.
|
|move|p1a: Toxtricity|Overdrive|p2a: Tyranitar
|-damage|p2a: Tyranitar|71/100
|move|p2a: Tyranitar|Dragon Dance|p2a: Tyranitar
|-boost|p2a: Tyranitar|atk|1
|-boost|p2a: Tyranitar|spe|1
|
|-weather|Sandstorm|[upkeep]
|-damage|p1a: Toxtricity|82/100|[from] Sandstorm
|upkeep
|turn|12
|inactive|Finh has 30 seconds left.
|inactive|Finh has 20 seconds left.
|inactive|Finh has 15 seconds left.
|inactive|Finh has 10 seconds left.
|inactive|Finh has 5 seconds left.
|
|switch|p1a: Araquanid|Araquanid, F|100/100
|-damage|p1a: Araquanid|76/100|[from] Stealth Rock
|move|p2a: Tyranitar|Dragon Dance|p2a: Tyranitar
|-boost|p2a: Tyranitar|atk|1
|-boost|p2a: Tyranitar|spe|1
|
|-weather|Sandstorm|[upkeep]
|-damage|p1a: Araquanid|70/100|[from] Sandstorm
|upkeep
|turn|13
|inactive|Finh has 15 seconds left this turn.
|inactive|Finh has 10 seconds left.
|inactive|Finh has 5 seconds left.
|-message|Finh lost due to inactivity.
|
|win|WhyWouldUSashThat!
|l|☆WhyWouldUSashThat!
