|ScrapeTime|2020-01-03-02:05:32
|j|☆EloiGP
|j|☆Zikuar
|player|p1|EloiGP|252|1065
|player|p2|Zikuar|102|1070
|teamsize|p1|6
|teamsize|p2|6
|gametype|singles
|gen|8
|tier|[Gen 8] OU
|rated|
|rule|Sleep Clause Mod: Limit one foe put to sleep
|rule|Species Clause: Limit one of each Pokémon
|rule|OHKO Clause: OHKO moves are banned
|rule|Evasion Moves Clause: Evasion moves are banned
|rule|Endless Battle Clause: Forcing endless battles is banned
|rule|HP Percentage Mod: HP is shown in percentages
|clearpoke
|poke|p1|Cinderace, F|
|poke|p1|Dragapult, F|
|poke|p1|Excadrill, F|
|poke|p1|Aegislash, F|
|poke|p1|Polteageist|
|poke|p1|Dracozolt|
|poke|p2|Dracovish|
|poke|p2|Bisharp, F|
|poke|p2|Sirfetch'd, F|
|poke|p2|Ditto|
|poke|p2|Tyranitar, M|
|poke|p2|Cinderace, M|
|rule|Dynamax Clause: You cannot dynamax
|teampreview
|
|start
|switch|p1a: Excadrill|Excadrill, F|100/100
|switch|p2a: Dracovish|Dracovish|100/100
|-ability|p1a: Excadrill|Mold Breaker
|turn|1
|
|move|p1a: Excadrill|Earthquake|p2a: Dracovish
|-damage|p2a: Dracovish|46/100
|move|p2a: Dracovish|Fishious Rend|p1a: Excadrill
|-supereffective|p1a: Excadrill
|-damage|p1a: Excadrill|0 fnt
|faint|p1a: Excadrill
|
|upkeep
|
|switch|p1a: Dragapult|Dragapult, F|100/100
|turn|2
|l|☆Zikuar
|player|p2|
|inactive|Battle timer is ON: inactive players will automatically lose when time's up. (requested by EloiGP)
|j|☆Zikuar
|inactive|Zikuar reconnected and has 145 seconds left.
|player|p2|Zikuar|102
|
|switch|p2a: Tyranitar|Tyranitar, M|100/100
|-weather|Sandstorm|[from] ability: Sand Stream|[of] p2a: Tyranitar
|move|p1a: Dragapult|U-turn|p2a: Tyranitar
|-supereffective|p2a: Tyranitar
|-damage|p2a: Tyranitar|73/100
|
|switch|p1a: Cinderace|Cinderace, F|100/100|[from]move: U-turn
|
|-weather|Sandstorm|[upkeep]
|-damage|p1a: Cinderace|95/100|[from] Sandstorm
|upkeep
|turn|3
|
|move|p1a: Cinderace|U-turn|p2a: Tyranitar
|-supereffective|p2a: Tyranitar
|-damage|p2a: Tyranitar|42/100
|
|switch|p1a: Aegislash|Aegislash, F|100/100|[from]move: U-turn
|move|p2a: Tyranitar|Earthquake|p1a: Aegislash
|-supereffective|p1a: Aegislash
|-damage|p1a: Aegislash|47/100
|
|-weather|Sandstorm|[upkeep]
|-heal|p1a: Aegislash|54/100|[from] item: Leftovers
|upkeep
|turn|4
|
|move|p2a: Tyranitar|Earthquake|p1a: Aegislash
|-supereffective|p1a: Aegislash
|-damage|p1a: Aegislash|9/100
|move|p1a: Aegislash|Swords Dance|p1a: Aegislash
|-boost|p1a: Aegislash|atk|2
|
|-weather|Sandstorm|[upkeep]
|-heal|p1a: Aegislash|15/100|[from] item: Leftovers
|upkeep
|turn|5
|
|-formechange|p1a: Aegislash|Aegislash-Blade||[from] ability: Stance Change
|move|p1a: Aegislash|Shadow Sneak|p2a: Tyranitar
|-resisted|p2a: Tyranitar
|-crit|p2a: Tyranitar
|-damage|p2a: Tyranitar|17/100
|move|p2a: Tyranitar|Earthquake|p1a: Aegislash
|-supereffective|p1a: Aegislash
|-damage|p1a: Aegislash|0 fnt
|faint|p1a: Aegislash
|
|-weather|Sandstorm|[upkeep]
|upkeep
|inactive|EloiGP has 120 seconds left.
|
|switch|p1a: Dragapult|Dragapult, F|100/100
|turn|6
|inactive|EloiGP has 120 seconds left.
|
|move|p1a: Dragapult|U-turn|p2a: Tyranitar
|-supereffective|p2a: Tyranitar
|-damage|p2a: Tyranitar|0 fnt
|faint|p2a: Tyranitar
|
|switch|p1a: Polteageist|Polteageist|100/100|[from]move: U-turn
|
|-weather|none
|upkeep
|
|switch|p2a: Bisharp|Bisharp, F|100/100
|turn|7
|inactive|EloiGP has 120 seconds left.
|
|move|p1a: Polteageist|Will-O-Wisp|p2a: Bisharp
|-status|p2a: Bisharp|brn
|move|p2a: Bisharp|Psycho Cut|p1a: Polteageist
|-damage|p1a: Polteageist|88/100
|
|-damage|p2a: Bisharp|94/100 brn|[from] brn
|upkeep
|turn|8
|c|☆EloiGP|ahhahahahwqahhaa
|c|☆EloiGP|wy psyko cut
|
|move|p1a: Polteageist|Shell Smash|p1a: Polteageist
|-unboost|p1a: Polteageist|def|1
|-unboost|p1a: Polteageist|spd|1
|-boost|p1a: Polteageist|atk|2
|-boost|p1a: Polteageist|spa|2
|-boost|p1a: Polteageist|spe|2
|-enditem|p1a: Polteageist|White Herb
|-clearnegativeboost|p1a: Polteageist|[silent]
|move|p2a: Bisharp|Iron Head|p1a: Polteageist
|-damage|p1a: Polteageist|65/100
|
|-damage|p2a: Bisharp|88/100 brn|[from] brn
|upkeep
|turn|9
|c|☆EloiGP|im a ghost type
|c|☆EloiGP|u dumb use a dark type
|
|move|p1a: Polteageist|Shadow Ball|p2a: Bisharp
|-resisted|p2a: Bisharp
|-damage|p2a: Bisharp|54/100 brn
|-unboost|p2a: Bisharp|spd|1
|move|p2a: Bisharp|Iron Head|p1a: Polteageist
|-damage|p1a: Polteageist|44/100
|-start|p2a: Bisharp|Disable|Iron Head|[from] ability: Cursed Body|[of] p1a: Polteageist
|
|-damage|p2a: Bisharp|48/100 brn|[from] brn
|upkeep
|turn|10
|
|move|p1a: Polteageist|Strength Sap|p2a: Bisharp
|-unboost|p2a: Bisharp|atk|1
|-heal|p1a: Polteageist|100/100
|move|p2a: Bisharp|Psycho Cut|p1a: Polteageist
|-damage|p1a: Polteageist|92/100
|
|-damage|p2a: Bisharp|42/100 brn|[from] brn
|upkeep
|turn|11
|c|☆EloiGP|tell me whats ur 2 other moves
|inactive|EloiGP has 90 seconds left.
|
|move|p1a: Polteageist|Shadow Ball|p2a: Bisharp
|-resisted|p2a: Bisharp
|-damage|p2a: Bisharp|0 fnt
|faint|p2a: Bisharp
|
|upkeep
|
|switch|p2a: Ditto|Ditto|100/100
|-transform|p2a: Ditto|p1a: Polteageist|[from] ability: Imposter
|turn|12
|inactive|EloiGP has 90 seconds left.
|
|move|p2a: Ditto|Shadow Ball|p1a: Polteageist
|-supereffective|p1a: Polteageist
|-damage|p1a: Polteageist|0 fnt
|faint|p1a: Polteageist
|
|upkeep
|inactive|EloiGP has 90 seconds left.
|
|switch|p1a: Dracozolt|Dracozolt|100/100
|turn|13
|
|move|p2a: Ditto|Shadow Ball|p1a: Dracozolt
|-damage|p1a: Dracozolt|0 fnt
|faint|p1a: Dracozolt
|
|upkeep
|
|switch|p1a: Dragapult|Dragapult, F|100/100
|turn|14
|
|move|p2a: Ditto|Shadow Ball|p1a: Dragapult
|-supereffective|p1a: Dragapult
|-damage|p1a: Dragapult|0 fnt
|faint|p1a: Dragapult
|
|upkeep
|-message|EloiGP forfeited.
|
|win|Zikuar
|l|☆EloiGP
|raw|EloiGP's rating: 1099 → 1072(-27 for losing)
|raw|Zikuar's rating: 1070 → 1102(+32 for winning)
