|ScrapeTime|2020-01-01-19:24:51
|j|☆GabrielMelloOFC
|j|☆Bhushindo
|player|p1|GabrielMelloOFC|schoolkid-gen4|1210
|player|p2|Bhushindo|hilbert|1236
|teamsize|p1|6
|teamsize|p2|6
|gametype|singles
|gen|8
|tier|[Gen 8] OU
|rated|
|rule|Sleep Clause Mod: Limit one foe put to sleep
|rule|Species Clause: Limit one of each Pokémon
|rule|OHKO Clause: OHKO moves are banned
|rule|Evasion Moves Clause: Evasion moves are banned
|rule|Endless Battle Clause: Forcing endless battles is banned
|rule|HP Percentage Mod: HP is shown in percentages
|clearpoke
|poke|p1|Milotic, M|
|poke|p1|Ferrothorn, M|
|poke|p1|Toxtricity, F|
|poke|p1|Flygon, F|
|poke|p1|Conkeldurr, F|
|poke|p1|Salazzle, F|
|poke|p2|Milotic, F|
|poke|p2|Ferrothorn, F|
|poke|p2|Toxtricity, M|
|poke|p2|Haxorus, M|
|poke|p2|Conkeldurr, M|
|poke|p2|Salazzle, F|
|rule|Dynamax Clause: You cannot dynamax
|teampreview
|inactive|Battle timer is ON: inactive players will automatically lose when time's up. (requested by Bhushindo)
|c|☆GabrielMelloOFC|good luck
|c|☆Bhushindo|Lol
|c|☆GabrielMelloOFC|lol hahahah
|inactive|GabrielMelloOFC has 120 seconds left.
|
|start
|switch|p1a: Flygon|Flygon, F|100/100
|switch|p2a: Milotic|Milotic, F|100/100
|turn|1
|
|move|p1a: Flygon|U-turn|p2a: Milotic
|-damage|p2a: Milotic|86/100
|
|switch|p1a: Conkeldurr|Conkeldurr, F|100/100|[from]move: U-turn
|move|p2a: Milotic|Scald|p1a: Conkeldurr
|-damage|p1a: Conkeldurr|70/100
|-status|p1a: Conkeldurr|brn
|
|-damage|p1a: Conkeldurr|63/100 brn|[from] brn
|-status|p2a: Milotic|brn|[from] item: Flame Orb
|upkeep
|turn|2
|
|move|p2a: Milotic|Scald|p1a: Conkeldurr
|-damage|p1a: Conkeldurr|33/100 brn
|move|p1a: Conkeldurr|Thunder Punch|p2a: Milotic
|-supereffective|p2a: Milotic
|-damage|p2a: Milotic|42/100 brn
|
|-damage|p2a: Milotic|36/100 brn|[from] brn
|-damage|p1a: Conkeldurr|27/100 brn|[from] brn
|upkeep
|turn|3
|
|move|p1a: Conkeldurr|Mach Punch|p2a: Milotic
|-damage|p2a: Milotic|19/100 brn
|move|p2a: Milotic|Scald|p1a: Conkeldurr
|-damage|p1a: Conkeldurr|0 fnt
|faint|p1a: Conkeldurr
|
|-damage|p2a: Milotic|12/100 brn|[from] brn
|upkeep
|
|switch|p1a: Flygon|Flygon, F|100/100
|turn|4
|
|move|p1a: Flygon|U-turn|p2a: Milotic
|-damage|p2a: Milotic|3/100 brn
|
|switch|p1a: Ferrothorn|Ferrothorn, M|100/100|[from]move: U-turn
|move|p2a: Milotic|Recover|p2a: Milotic
|-heal|p2a: Milotic|53/100 brn
|
|-damage|p2a: Milotic|46/100 brn|[from] brn
|upkeep
|turn|5
|
|switch|p2a: Ferrothorn|Ferrothorn, F|100/100
|move|p1a: Ferrothorn|Power Whip|p2a: Ferrothorn
|-resisted|p2a: Ferrothorn
|-damage|p2a: Ferrothorn|95/100
|-damage|p1a: Ferrothorn|88/100|[from] ability: Iron Barbs|[of] p2a: Ferrothorn
|
|-heal|p1a: Ferrothorn|94/100|[from] item: Leftovers
|-heal|p2a: Ferrothorn|100/100|[from] item: Leftovers
|upkeep
|turn|6
|
|move|p1a: Ferrothorn|Spikes|p2a: Ferrothorn
|-sidestart|p2: Bhushindo|Spikes
|move|p2a: Ferrothorn|Spikes|p1a: Ferrothorn
|-sidestart|p1: GabrielMelloOFC|Spikes
|
|-heal|p1a: Ferrothorn|100/100|[from] item: Leftovers
|upkeep
|turn|7
|
|move|p1a: Ferrothorn|Spikes|p2a: Ferrothorn
|-sidestart|p2: Bhushindo|Spikes
|move|p2a: Ferrothorn|Spikes|p1a: Ferrothorn
|-sidestart|p1: GabrielMelloOFC|Spikes
|
|upkeep
|turn|8
|
|switch|p2a: Salazzle|Salazzle, F, shiny|100/100
|move|p1a: Ferrothorn|Spikes|p2a: Salazzle
|-sidestart|p2: Bhushindo|Spikes
|
|upkeep
|turn|9
|
|switch|p1a: Milotic|Milotic, M|100/100
|-damage|p1a: Milotic|84/100|[from] Spikes
|move|p2a: Salazzle|Toxic|p1a: Milotic
|-status|p1a: Milotic|tox
|
|-damage|p1a: Milotic|78/100 tox|[from] psn
|upkeep
|turn|10
|
|switch|p2a: Ferrothorn|Ferrothorn, F|100/100
|-damage|p2a: Ferrothorn|75/100|[from] Spikes
|move|p1a: Milotic|Recover|p1a: Milotic
|-heal|p1a: Milotic|100/100 tox
|
|-heal|p2a: Ferrothorn|82/100|[from] item: Leftovers
|-damage|p1a: Milotic|88/100 tox|[from] psn
|upkeep
|turn|11
|
|move|p2a: Ferrothorn|Spikes|p1a: Milotic
|-sidestart|p1: GabrielMelloOFC|Spikes
|move|p1a: Milotic|Mirror Coat||[still]
|-fail|p1a: Milotic
|
|-heal|p2a: Ferrothorn|88/100|[from] item: Leftovers
|-damage|p1a: Milotic|70/100 tox|[from] psn
|upkeep
|turn|12
|
|move|p1a: Milotic|Recover|p1a: Milotic
|-heal|p1a: Milotic|100/100 tox
|move|p2a: Ferrothorn|Power Whip|p1a: Milotic
|-supereffective|p1a: Milotic
|-damage|p1a: Milotic|60/100 tox
|
|-heal|p2a: Ferrothorn|94/100|[from] item: Leftovers
|-damage|p1a: Milotic|36/100 tox|[from] psn
|upkeep
|turn|13
|c|☆GabrielMelloOFC|nice...
|
|move|p1a: Milotic|Recover|p1a: Milotic
|-heal|p1a: Milotic|86/100 tox
|move|p2a: Ferrothorn|Power Whip|p1a: Milotic
|-supereffective|p1a: Milotic
|-crit|p1a: Milotic
|-damage|p1a: Milotic|32/100 tox
|
|-heal|p2a: Ferrothorn|100/100|[from] item: Leftovers
|-damage|p1a: Milotic|2/100 tox|[from] psn
|upkeep
|turn|14
|
|move|p1a: Milotic|Scald|p2a: Ferrothorn
|-resisted|p2a: Ferrothorn
|-damage|p2a: Ferrothorn|89/100
|-status|p2a: Ferrothorn|brn
|move|p2a: Ferrothorn|Power Whip|p1a: Milotic
|-supereffective|p1a: Milotic
|-damage|p1a: Milotic|0 fnt
|faint|p1a: Milotic
|
|-heal|p2a: Ferrothorn|95/100 brn|[from] item: Leftovers
|-damage|p2a: Ferrothorn|89/100 brn|[from] brn
|upkeep
|
|switch|p1a: Salazzle|Salazzle, F|100/100
|turn|15
|
|switch|p2a: Milotic|Milotic, F|46/100 brn
|-damage|p2a: Milotic|22/100 brn|[from] Spikes
|move|p1a: Salazzle|Nasty Plot|p1a: Salazzle
|-boost|p1a: Salazzle|spa|2
|
|-damage|p2a: Milotic|15/100 brn|[from] brn
|upkeep
|turn|16
|
|move|p1a: Salazzle|Sludge Wave|p2a: Milotic
|-crit|p2a: Milotic
|-damage|p2a: Milotic|0 fnt
|faint|p2a: Milotic
|
|upkeep
|
|switch|p2a: Haxorus|Haxorus, M, shiny|100/100
|-damage|p2a: Haxorus|76/100|[from] Spikes
|-ability|p2a: Haxorus|Mold Breaker
|turn|17
|
|move|p2a: Haxorus|Earthquake|p1a: Salazzle
|-supereffective|p1a: Salazzle
|-damage|p1a: Salazzle|0 fnt
|faint|p1a: Salazzle
|
|upkeep
|
|switch|p1a: Flygon|Flygon, F|100/100
|turn|18
|
|switch|p2a: Ferrothorn|Ferrothorn, F|89/100 brn
|-damage|p2a: Ferrothorn|64/100 brn|[from] Spikes
|move|p1a: Flygon|Outrage|p2a: Ferrothorn
|-resisted|p2a: Ferrothorn
|-damage|p2a: Ferrothorn|50/100 brn
|-damage|p1a: Flygon|88/100|[from] ability: Iron Barbs|[of] p2a: Ferrothorn
|
|-heal|p2a: Ferrothorn|56/100 brn|[from] item: Leftovers
|-damage|p2a: Ferrothorn|50/100 brn|[from] brn
|upkeep
|turn|19
|
|move|p1a: Flygon|Outrage|p2a: Ferrothorn|[from]lockedmove
|-resisted|p2a: Ferrothorn
|-crit|p2a: Ferrothorn
|-damage|p2a: Ferrothorn|28/100 brn
|-damage|p1a: Flygon|76/100|[from] ability: Iron Barbs|[of] p2a: Ferrothorn
|move|p2a: Ferrothorn|Gyro Ball|p1a: Flygon
|-damage|p1a: Flygon|42/100
|
|-heal|p2a: Ferrothorn|34/100 brn|[from] item: Leftovers
|-damage|p2a: Ferrothorn|28/100 brn|[from] brn
|upkeep
|turn|20
|
|move|p1a: Flygon|Outrage|p2a: Ferrothorn|[from]lockedmove
|-resisted|p2a: Ferrothorn
|-damage|p2a: Ferrothorn|14/100 brn
|-damage|p1a: Flygon|29/100|[from] ability: Iron Barbs|[of] p2a: Ferrothorn
|-start|p1a: Flygon|confusion|[fatigue]
|move|p2a: Ferrothorn|Gyro Ball|p1a: Flygon
|-damage|p1a: Flygon|0 fnt
|faint|p1a: Flygon
|
|-heal|p2a: Ferrothorn|20/100 brn|[from] item: Leftovers
|-damage|p2a: Ferrothorn|14/100 brn|[from] brn
|upkeep
|
|switch|p1a: Toxtricity|Toxtricity, F|100/100
|-damage|p1a: Toxtricity|76/100|[from] Spikes
|turn|21
|
|move|p1a: Toxtricity|Boomburst|p2a: Ferrothorn
|-resisted|p2a: Ferrothorn
|-damage|p2a: Ferrothorn|0 fnt
|faint|p2a: Ferrothorn
|
|upkeep
|
|switch|p2a: Haxorus|Haxorus, M, shiny|76/100
|-damage|p2a: Haxorus|51/100|[from] Spikes
|-ability|p2a: Haxorus|Mold Breaker
|turn|22
|
|move|p2a: Haxorus|Earthquake|p1a: Toxtricity
|-supereffective|p1a: Toxtricity
|-damage|p1a: Toxtricity|0 fnt
|faint|p1a: Toxtricity
|
|upkeep
|
|switch|p1a: Ferrothorn|Ferrothorn, M|100/100
|-damage|p1a: Ferrothorn|75/100|[from] Spikes
|turn|23
|
|switch|p2a: Salazzle|Salazzle, F, shiny|100/100
|move|p1a: Ferrothorn|Leech Seed|p2a: Salazzle
|-start|p2a: Salazzle|move: Leech Seed
|
|-heal|p1a: Ferrothorn|82/100|[from] item: Leftovers
|-damage|p2a: Salazzle|88/100|[from] Leech Seed|[of] p1a: Ferrothorn
|-heal|p1a: Ferrothorn|91/100|[silent]
|upkeep
|turn|24
|
|move|p2a: Salazzle|Flamethrower|p1a: Ferrothorn
|-supereffective|p1a: Ferrothorn
|-damage|p1a: Ferrothorn|0 fnt
|faint|p1a: Ferrothorn
|
|win|Bhushindo
|c|☆Bhushindo|Gg
|c|☆GabrielMelloOFC|gg
|l|☆GabrielMelloOFC
|raw|GabrielMelloOFC's rating: 1210 → 1185(-25 for losing)
|raw|Bhushindo's rating: 1216 → 1241(+25 for winning)
