|ScrapeTime|2020-01-01-12:06:41
|j|☆sdfvdsg
|j|☆DyezL
|player|p1|sdfvdsg|barry|1464
|player|p2|DyezL|2|1455
|teamsize|p1|6
|teamsize|p2|6
|gametype|singles
|gen|8
|tier|[Gen 8] OU
|rated|
|rule|Sleep Clause Mod: Limit one foe put to sleep
|rule|Species Clause: Limit one of each Pokémon
|rule|OHKO Clause: OHKO moves are banned
|rule|Evasion Moves Clause: Evasion moves are banned
|rule|Endless Battle Clause: Forcing endless battles is banned
|rule|HP Percentage Mod: HP is shown in percentages
|clearpoke
|poke|p1|Bisharp, F|
|poke|p1|Dracovish|
|poke|p1|Haxorus, M|
|poke|p1|Dragapult, M|
|poke|p1|Kommo-o, M|
|poke|p1|Toxapex, F|
|poke|p2|Tyranitar, F|
|poke|p2|Gastrodon, F|
|poke|p2|Toxapex, M|
|poke|p2|Corviknight, F|
|poke|p2|Ditto|
|poke|p2|Hatterene, F|
|rule|Dynamax Clause: You cannot dynamax
|teampreview
|inactive|Battle timer is ON: inactive players will automatically lose when time's up. (requested by sdfvdsg)
|
|start
|switch|p1a: Dragapult|Dragapult, M|100/100
|switch|p2a: Hatterene|Hatterene, F|100/100
|turn|1
|
|switch|p2a: Tyranitar|Tyranitar, F|100/100
|-weather|Sandstorm|[from] ability: Sand Stream|[of] p2a: Tyranitar
|move|p1a: Dragapult|Shadow Ball|p2a: Tyranitar
|-resisted|p2a: Tyranitar
|-damage|p2a: Tyranitar|95/100
|-damage|p1a: Dragapult|91/100|[from] item: Life Orb
|
|-weather|Sandstorm|[upkeep]
|-damage|p1a: Dragapult|85/100|[from] Sandstorm
|upkeep
|turn|2
|
|switch|p1a: Toxapex|Toxapex, F, shiny|100/100
|move|p2a: Tyranitar|Body Slam|p1a: Toxapex
|-damage|p1a: Toxapex|86/100
|
|-weather|Sandstorm|[upkeep]
|-damage|p1a: Toxapex|80/100|[from] Sandstorm
|-heal|p1a: Toxapex|86/100|[from] item: Black Sludge
|upkeep
|turn|3
|
|move|p2a: Tyranitar|Stone Edge|p1a: Toxapex
|-damage|p1a: Toxapex|61/100
|move|p1a: Toxapex|Toxic|p2a: Tyranitar
|-status|p2a: Tyranitar|tox
|
|-weather|Sandstorm|[upkeep]
|-damage|p1a: Toxapex|55/100|[from] Sandstorm
|-heal|p1a: Toxapex|61/100|[from] item: Black Sludge
|-damage|p2a: Tyranitar|89/100 tox|[from] psn
|upkeep
|turn|4
|
|switch|p2a: Hatterene|Hatterene, F|100/100
|move|p1a: Toxapex|Recover|p1a: Toxapex
|-heal|p1a: Toxapex|100/100
|
|-weather|Sandstorm|[upkeep]
|-damage|p1a: Toxapex|94/100|[from] Sandstorm
|-damage|p2a: Hatterene|95/100|[from] Sandstorm
|-heal|p1a: Toxapex|100/100|[from] item: Black Sludge
|upkeep
|turn|5
|
|switch|p1a: Bisharp|Bisharp, F|100/100
|move|p2a: Hatterene|Dazzling Gleam|p1a: Bisharp
|-damage|p1a: Bisharp|0 fnt
|faint|p1a: Bisharp
|
|-weather|none
|upkeep
|c|☆sdfvdsg|:(
|
|switch|p1a: Dracovish|Dracovish|100/100
|turn|6
|
|switch|p2a: Gastrodon|Gastrodon, F|100/100
|move|p1a: Dracovish|Fishious Rend|p2a: Gastrodon
|-ability|p2a: Gastrodon|Storm Drain|boost
|-boost|p2a: Gastrodon|spa|1
|
|upkeep
|turn|7
|
|move|p1a: Dracovish|Outrage|p2a: Gastrodon
|-damage|p2a: Gastrodon|52/100
|-damage|p1a: Dracovish|91/100|[from] item: Life Orb
|move|p2a: Gastrodon|Scald|p1a: Dracovish
|-resisted|p1a: Dracovish
|-crit|p1a: Dracovish
|-damage|p1a: Dracovish|72/100
|
|-heal|p2a: Gastrodon|58/100|[from] item: Leftovers
|upkeep
|turn|8
|
|move|p1a: Dracovish|Outrage|p2a: Gastrodon|[from]lockedmove
|-damage|p2a: Gastrodon|8/100
|-damage|p1a: Dracovish|62/100|[from] item: Life Orb
|-start|p1a: Dracovish|confusion|[fatigue]
|move|p2a: Gastrodon|Recover|p2a: Gastrodon
|-heal|p2a: Gastrodon|58/100
|
|-heal|p2a: Gastrodon|64/100|[from] item: Leftovers
|upkeep
|turn|9
|
|-activate|p1a: Dracovish|confusion
|move|p1a: Dracovish|Outrage|p2a: Gastrodon
|-damage|p2a: Gastrodon|11/100
|-damage|p1a: Dracovish|52/100|[from] item: Life Orb
|move|p2a: Gastrodon|Recover|p2a: Gastrodon
|-heal|p2a: Gastrodon|61/100
|
|-heal|p2a: Gastrodon|67/100|[from] item: Leftovers
|upkeep
|turn|10
|
|-activate|p1a: Dracovish|confusion
|move|p1a: Dracovish|Outrage|p2a: Gastrodon|[from]lockedmove
|-damage|p2a: Gastrodon|16/100
|-damage|p1a: Dracovish|42/100|[from] item: Life Orb
|move|p2a: Gastrodon|Recover|p2a: Gastrodon
|-heal|p2a: Gastrodon|66/100
|
|-heal|p2a: Gastrodon|72/100|[from] item: Leftovers
|upkeep
|turn|11
|
|-end|p1a: Dracovish|confusion
|move|p1a: Dracovish|Rest|p1a: Dracovish
|-status|p1a: Dracovish|slp|[from] move: Rest
|-heal|p1a: Dracovish|100/100 slp|[silent]
|move|p2a: Gastrodon|Recover|p2a: Gastrodon
|-heal|p2a: Gastrodon|100/100
|
|upkeep
|turn|12
|
|cant|p1a: Dracovish|slp
|move|p1a: Dracovish|Sleep Talk|p1a: Dracovish
|move|p1a: Dracovish|Fishious Rend|p2a: Gastrodon|[from]Sleep Talk
|-ability|p2a: Gastrodon|Storm Drain|boost
|-boost|p2a: Gastrodon|spa|1
|move|p2a: Gastrodon|Scald|p1a: Dracovish
|-resisted|p1a: Dracovish
|-damage|p1a: Dracovish|85/100 slp
|
|upkeep
|turn|13
|
|cant|p1a: Dracovish|slp
|move|p1a: Dracovish|Sleep Talk|p1a: Dracovish
|move|p1a: Dracovish|Fishious Rend|p2a: Gastrodon|[from]Sleep Talk
|-ability|p2a: Gastrodon|Storm Drain|boost
|-boost|p2a: Gastrodon|spa|1
|move|p2a: Gastrodon|Scald|p1a: Dracovish
|-resisted|p1a: Dracovish
|-damage|p1a: Dracovish|65/100 slp
|
|upkeep
|turn|14
|
|-curestatus|p1a: Dracovish|slp|[msg]
|move|p1a: Dracovish|Outrage|p2a: Gastrodon
|-damage|p2a: Gastrodon|51/100
|-damage|p1a: Dracovish|55/100|[from] item: Life Orb
|move|p2a: Gastrodon|Counter|p1a: Dracovish
|-damage|p1a: Dracovish|0 fnt
|faint|p1a: Dracovish
|
|-heal|p2a: Gastrodon|57/100|[from] item: Leftovers
|upkeep
|
|switch|p1a: Toxapex|Toxapex, F, shiny|100/100
|turn|15
|
|switch|p2a: Hatterene|Hatterene, F|95/100
|move|p1a: Toxapex|Toxic|p2a: Hatterene
|move|p2a: Hatterene|Toxic|p1a: Toxapex|[from]Magic Bounce
|-immune|p1a: Toxapex
|
|upkeep
|turn|16
|
|switch|p1a: Kommo-o|Kommo-o, M|100/100
|move|p2a: Hatterene|Psychic|p1a: Kommo-o
|-supereffective|p1a: Kommo-o
|-damage|p1a: Kommo-o|0 fnt
|faint|p1a: Kommo-o
|
|upkeep
|-message|sdfvdsg forfeited.
|
|win|DyezL
|l|☆sdfvdsg
|raw|sdfvdsg's rating: 1464 → 1444(-20 for losing)
|raw|DyezL's rating: 1437 → 1458(+21 for winning)
