|ScrapeTime|2020-01-01-18:58:46
|j|☆philip609
|j|☆PlasmaJet2
|player|p1|philip609|misty|1143
|player|p2|PlasmaJet2|2|1105
|teamsize|p1|6
|teamsize|p2|6
|gametype|singles
|gen|8
|tier|[Gen 8] OU
|rated|
|rule|Sleep Clause Mod: Limit one foe put to sleep
|rule|Species Clause: Limit one of each Pokémon
|rule|OHKO Clause: OHKO moves are banned
|rule|Evasion Moves Clause: Evasion moves are banned
|rule|Endless Battle Clause: Forcing endless battles is banned
|rule|HP Percentage Mod: HP is shown in percentages
|clearpoke
|poke|p1|Goodra, M|
|poke|p1|Vaporeon, F|
|poke|p1|Eiscue, M|
|poke|p1|Cinderace, M|
|poke|p1|Appletun, F|
|poke|p1|Weezing-Galar, F|
|poke|p2|Corsola-Galar, F|
|poke|p2|Rotom-Heat|
|poke|p2|Togekiss, F|
|poke|p2|Machamp, M|
|poke|p2|Excadrill, M|
|poke|p2|Dracovish|
|rule|Dynamax Clause: You cannot dynamax
|teampreview
|
|start
|switch|p1a: Etika|Cinderace, M|100/100
|switch|p2a: Corsola|Corsola-Galar, F|100/100
|turn|1
|
|switch|p1a: ThiccSalt|Appletun, F|100/100
|move|p2a: Corsola|Calm Mind|p2a: Corsola
|-boost|p2a: Corsola|spa|1
|-boost|p2a: Corsola|spd|1
|
|upkeep
|turn|2
|
|move|p1a: ThiccSalt|Apple Acid|p2a: Corsola
|-damage|p2a: Corsola|87/100
|-unboost|p2a: Corsola|spd|1
|move|p2a: Corsola|Calm Mind|p2a: Corsola
|-boost|p2a: Corsola|spa|1
|-boost|p2a: Corsola|spd|1
|
|upkeep
|turn|3
|
|move|p1a: ThiccSalt|Apple Acid|p2a: Corsola
|-damage|p2a: Corsola|74/100
|-unboost|p2a: Corsola|spd|1
|move|p2a: Corsola|Will-O-Wisp|p1a: ThiccSalt
|-status|p1a: ThiccSalt|brn
|
|-damage|p1a: ThiccSalt|94/100 brn|[from] brn
|upkeep
|turn|4
|
|move|p1a: ThiccSalt|Apple Acid|p2a: Corsola
|-damage|p2a: Corsola|55/100
|-unboost|p2a: Corsola|spd|1
|move|p2a: Corsola|Calm Mind|p2a: Corsola
|-boost|p2a: Corsola|spa|1
|-boost|p2a: Corsola|spd|1
|
|-damage|p1a: ThiccSalt|88/100 brn|[from] brn
|upkeep
|turn|5
|
|move|p2a: Corsola|Calm Mind|p2a: Corsola
|-boost|p2a: Corsola|spa|1
|-boost|p2a: Corsola|spd|1
|move|p1a: ThiccSalt|Apple Acid|p2a: Corsola
|-crit|p2a: Corsola
|-damage|p2a: Corsola|26/100
|-unboost|p2a: Corsola|spd|1
|
|-damage|p1a: ThiccSalt|82/100 brn|[from] brn
|upkeep
|turn|6
|
|move|p2a: Corsola|Strength Sap|p1a: ThiccSalt
|-unboost|p1a: ThiccSalt|atk|1
|-heal|p2a: Corsola|86/100
|move|p1a: ThiccSalt|Apple Acid|p2a: Corsola
|-damage|p2a: Corsola|66/100
|-start|p1a: ThiccSalt|Disable|Apple Acid|[from] ability: Cursed Body|[of] p2a: Corsola
|-unboost|p2a: Corsola|spd|1
|
|-damage|p1a: ThiccSalt|76/100 brn|[from] brn
|upkeep
|turn|7
|
|move|p2a: Corsola|Calm Mind|p2a: Corsola
|-boost|p2a: Corsola|spa|1
|-boost|p2a: Corsola|spd|1
|move|p1a: ThiccSalt|Light Screen|p1a: ThiccSalt
|-sidestart|p1: philip609|move: Light Screen
|
|-damage|p1a: ThiccSalt|70/100 brn|[from] brn
|upkeep
|turn|8
|
|move|p1a: ThiccSalt|Recover|p1a: ThiccSalt
|-heal|p1a: ThiccSalt|100/100 brn
|move|p2a: Corsola|Calm Mind|p2a: Corsola
|-boost|p2a: Corsola|spa|1
|-boost|p2a: Corsola|spd|1
|
|-damage|p1a: ThiccSalt|94/100 brn|[from] brn
|upkeep
|turn|9
|
|move|p2a: Corsola|Calm Mind|p2a: Corsola
|-boost|p2a: Corsola|spa|0
|-boost|p2a: Corsola|spd|1
|move|p1a: ThiccSalt|Recover|p1a: ThiccSalt
|-heal|p1a: ThiccSalt|100/100 brn
|
|-damage|p1a: ThiccSalt|94/100 brn|[from] brn
|-end|p1a: ThiccSalt|Disable
|upkeep
|turn|10
|
|move|p2a: Corsola|Calm Mind|p2a: Corsola
|-boost|p2a: Corsola|spa|0
|-boost|p2a: Corsola|spd|1
|move|p1a: ThiccSalt|Apple Acid|p2a: Corsola
|-damage|p2a: Corsola|59/100
|-unboost|p2a: Corsola|spd|1
|
|-damage|p1a: ThiccSalt|88/100 brn|[from] brn
|upkeep
|turn|11
|
|move|p2a: Corsola|Calm Mind|p2a: Corsola
|-boost|p2a: Corsola|spa|0
|-boost|p2a: Corsola|spd|1
|move|p1a: ThiccSalt|Apple Acid|p2a: Corsola
|-damage|p2a: Corsola|51/100
|-unboost|p2a: Corsola|spd|1
|
|-damage|p1a: ThiccSalt|82/100 brn|[from] brn
|upkeep
|turn|12
|
|switch|p1a: Beefstew1997|Goodra, M, shiny|100/100
|move|p2a: Corsola|Calm Mind|p2a: Corsola
|-boost|p2a: Corsola|spa|0
|-boost|p2a: Corsola|spd|1
|
|upkeep
|turn|13
|
|move|p1a: Beefstew1997|Dragon Pulse|p2a: Corsola
|-damage|p2a: Corsola|41/100
|move|p2a: Corsola|Strength Sap|p1a: Beefstew1997
|-ability|p1a: Beefstew1997|Sap Sipper|boost
|-boost|p1a: Beefstew1997|atk|1
|
|upkeep
|turn|14
|
|move|p1a: Beefstew1997|Dragon Pulse|p2a: Corsola
|-damage|p2a: Corsola|31/100
|move|p2a: Corsola|Calm Mind|p2a: Corsola
|-boost|p2a: Corsola|spa|0
|-boost|p2a: Corsola|spd|1
|
|-sideend|p1: philip609|move: Light Screen
|upkeep
|turn|15
|
|move|p1a: Beefstew1997|Dragon Pulse|p2a: Corsola
|-damage|p2a: Corsola|23/100
|move|p2a: Corsola|Calm Mind|p2a: Corsola
|-boost|p2a: Corsola|spa|0
|-boost|p2a: Corsola|spd|1
|
|upkeep
|turn|16
|
|move|p1a: Beefstew1997|Dragon Pulse|p2a: Corsola
|-damage|p2a: Corsola|16/100
|move|p2a: Corsola|Will-O-Wisp|p1a: Beefstew1997
|-status|p1a: Beefstew1997|brn
|
|-damage|p1a: Beefstew1997|94/100 brn|[from] brn
|upkeep
|turn|17
|
|switch|p2a: Togekiss|Togekiss, F|100/100
|move|p1a: Beefstew1997|Dragon Pulse|p2a: Togekiss
|-immune|p2a: Togekiss
|
|-damage|p1a: Beefstew1997|88/100 brn|[from] brn
|upkeep
|turn|18
|
|move|p1a: Beefstew1997|Sludge Bomb|p2a: Togekiss
|-supereffective|p2a: Togekiss
|-damage|p2a: Togekiss|61/100
|move|p2a: Togekiss|Air Slash|p1a: Beefstew1997
|-crit|p1a: Beefstew1997
|-damage|p1a: Beefstew1997|68/100 brn
|
|-damage|p1a: Beefstew1997|62/100 brn|[from] brn
|upkeep
|turn|19
|
|switch|p1a: AlicePika|Vaporeon, F|100/100
|move|p2a: Togekiss|Draining Kiss|p1a: AlicePika
|-damage|p1a: AlicePika|86/100
|-heal|p2a: Togekiss|77/100|[from] drain|[of] p1a: AlicePika
|
|-heal|p1a: AlicePika|93/100|[from] item: Leftovers
|upkeep
|turn|20
|
|move|p2a: Togekiss|Air Slash|p1a: AlicePika
|-damage|p1a: AlicePika|72/100
|cant|p1a: AlicePika|flinch
|
|-heal|p1a: AlicePika|78/100|[from] item: Leftovers
|upkeep
|turn|21
|
|move|p1a: AlicePika|Protect|p1a: AlicePika
|-singleturn|p1a: AlicePika|Protect
|move|p2a: Togekiss|Air Slash|p1a: AlicePika
|-activate|p1a: AlicePika|move: Protect
|
|-heal|p1a: AlicePika|84/100|[from] item: Leftovers
|upkeep
|turn|22
|
|move|p2a: Togekiss|Air Slash|p1a: AlicePika
|-damage|p1a: AlicePika|64/100
|cant|p1a: AlicePika|flinch
|
|-heal|p1a: AlicePika|70/100|[from] item: Leftovers
|upkeep
|turn|23
|
|move|p1a: AlicePika|Protect|p1a: AlicePika
|-singleturn|p1a: AlicePika|Protect
|move|p2a: Togekiss|Air Slash|p1a: AlicePika
|-activate|p1a: AlicePika|move: Protect
|
|-heal|p1a: AlicePika|76/100|[from] item: Leftovers
|upkeep
|turn|24
|
|move|p2a: Togekiss|Air Slash|p1a: AlicePika
|-damage|p1a: AlicePika|55/100
|cant|p1a: AlicePika|flinch
|
|-heal|p1a: AlicePika|61/100|[from] item: Leftovers
|upkeep
|turn|25
|
|move|p1a: AlicePika|Protect|p1a: AlicePika
|-singleturn|p1a: AlicePika|Protect
|move|p2a: Togekiss|Amnesia|p2a: Togekiss
|-boost|p2a: Togekiss|spd|2
|
|-heal|p1a: AlicePika|67/100|[from] item: Leftovers
|upkeep
|turn|26
|
|switch|p1a: Etika|Cinderace, M|100/100
|move|p2a: Togekiss|Air Slash|p1a: Etika
|-crit|p1a: Etika
|-damage|p1a: Etika|9/100
|
|upkeep
|turn|27
|
|move|p1a: Etika|Gunk Shot|p2a: Togekiss
|-supereffective|p2a: Togekiss
|-damage|p2a: Togekiss|0 fnt
|faint|p2a: Togekiss
|
|upkeep
|
|switch|p2a: Rotom|Rotom-Heat|100/100
|turn|28
|
|move|p1a: Etika|High Jump Kick|p2a: Rotom
|-damage|p2a: Rotom|52/100
|move|p2a: Rotom|Light Screen|p2a: Rotom
|-sidestart|p2: PlasmaJet2|move: Light Screen
|
|upkeep
|turn|29
|
|move|p1a: Etika|High Jump Kick|p2a: Rotom
|-crit|p2a: Rotom
|-damage|p2a: Rotom|0 fnt
|faint|p2a: Rotom
|
|upkeep
|
|switch|p2a: Corsola|Corsola-Galar, F|16/100
|turn|30
|
|move|p1a: Etika|Pyro Ball|p2a: Corsola
|-damage|p2a: Corsola|0 fnt
|faint|p2a: Corsola
|
|upkeep
|
|switch|p2a: Dracovish|Dracovish|100/100
|turn|31
|
|switch|p1a: ThiccSalt|Appletun, F|82/100 brn
|move|p2a: Dracovish|Fishious Rend|p1a: ThiccSalt
|-resisted|p1a: ThiccSalt
|-damage|p1a: ThiccSalt|56/100 brn
|
|-damage|p1a: ThiccSalt|50/100 brn|[from] brn
|upkeep
|turn|32
|
|switch|p2a: Excadrill|Excadrill, M|100/100
|move|p1a: ThiccSalt|Reflect|p1a: ThiccSalt
|-sidestart|p1: philip609|Reflect
|
|-damage|p1a: ThiccSalt|43/100 brn|[from] brn
|-sideend|p2: PlasmaJet2|move: Light Screen
|upkeep
|turn|33
|
|move|p2a: Excadrill|Sandstorm|p2a: Excadrill
|-weather|Sandstorm
|move|p1a: ThiccSalt|Recover|p1a: ThiccSalt
|-heal|p1a: ThiccSalt|93/100 brn
|
|-weather|Sandstorm|[upkeep]
|-damage|p1a: ThiccSalt|87/100 brn|[from] Sandstorm
|-damage|p1a: ThiccSalt|81/100 brn|[from] brn
|upkeep
|turn|34
|
|move|p2a: Excadrill|Swords Dance|p2a: Excadrill
|-boost|p2a: Excadrill|atk|2
|move|p1a: ThiccSalt|Apple Acid|p2a: Excadrill
|-damage|p2a: Excadrill|67/100
|-unboost|p2a: Excadrill|spd|1
|
|-weather|Sandstorm|[upkeep]
|-damage|p1a: ThiccSalt|75/100 brn|[from] Sandstorm
|-damage|p1a: ThiccSalt|69/100 brn|[from] brn
|upkeep
|turn|35
|
|move|p2a: Excadrill|Earthquake|p1a: ThiccSalt
|-resisted|p1a: ThiccSalt
|-damage|p1a: ThiccSalt|37/100 brn
|move|p1a: ThiccSalt|Apple Acid|p2a: Excadrill
|-damage|p2a: Excadrill|14/100
|-unboost|p2a: Excadrill|spd|1
|
|-weather|Sandstorm|[upkeep]
|-damage|p1a: ThiccSalt|30/100 brn|[from] Sandstorm
|-damage|p1a: ThiccSalt|24/100 brn|[from] brn
|upkeep
|turn|36
|
|move|p2a: Excadrill|Earthquake|p1a: ThiccSalt
|-resisted|p1a: ThiccSalt
|-damage|p1a: ThiccSalt|0 fnt
|faint|p1a: ThiccSalt
|
|-weather|Sandstorm|[upkeep]
|upkeep
|
|switch|p1a: AlicePika|Vaporeon, F|67/100
|turn|37
|
|move|p2a: Excadrill|Earthquake|p1a: AlicePika
|-damage|p1a: AlicePika|0 fnt
|faint|p1a: AlicePika
|
|-weather|none
|upkeep
|
|switch|p1a: Etika|Cinderace, M|9/100
|turn|38
|
|switch|p2a: Machamp|Machamp, M|100/100
|move|p1a: Etika|High Jump Kick|p2a: Machamp
|-damage|p2a: Machamp|52/100
|
|upkeep
|turn|39
|
|move|p1a: Etika|Pyro Ball|p2a: Machamp
|-damage|p2a: Machamp|0 fnt
|faint|p2a: Machamp
|
|-sideend|p1: philip609|Reflect
|upkeep
|
|switch|p2a: Dracovish|Dracovish|100/100
|turn|40
|
|move|p1a: Etika|High Jump Kick|p2a: Dracovish
|-crit|p2a: Dracovish
|-damage|p2a: Dracovish|39/100
|move|p2a: Dracovish|Fishious Rend|p1a: Etika
|-supereffective|p1a: Etika
|-damage|p1a: Etika|0 fnt
|faint|p1a: Etika
|
|upkeep
|
|switch|p1a: Gomank|Weezing-Galar, F|100/100
|turn|41
|
|move|p2a: Dracovish|Fishious Rend|p1a: Gomank
|-damage|p1a: Gomank|0 fnt
|faint|p1a: Gomank
|
|upkeep
|
|switch|p1a: Beefstew1997|Goodra, M, shiny|62/100 brn
|turn|42
|
|move|p2a: Dracovish|Fishious Rend|p1a: Beefstew1997
|-resisted|p1a: Beefstew1997
|-damage|p1a: Beefstew1997|0 fnt
|faint|p1a: Beefstew1997
|
|upkeep
|
|switch|p1a: Bombizzle|Eiscue, M|100/100
|turn|43
|
|move|p2a: Dracovish|Fishious Rend|p1a: Bombizzle
|-activate|p1a: Bombizzle|ability: Ice Face
|-damage|p1a: Bombizzle|100/100
|detailschange|p1a: Bombizzle|Eiscue-Noice, M
|move|p1a: Bombizzle|Icicle Crash|p2a: Dracovish
|-damage|p2a: Dracovish|3/100
|
|upkeep
|turn|44
|
|move|p1a: Bombizzle|Iron Head|p2a: Dracovish
|-resisted|p2a: Dracovish
|-damage|p2a: Dracovish|0 fnt
|faint|p2a: Dracovish
|
|upkeep
|
|switch|p2a: Excadrill|Excadrill, M|14/100
|turn|45
|
|move|p1a: Bombizzle|Iron Head|p2a: Excadrill
|-resisted|p2a: Excadrill
|-damage|p2a: Excadrill|3/100
|cant|p2a: Excadrill|flinch
|
|upkeep
|turn|46
|
|move|p1a: Bombizzle|Iron Head|p2a: Excadrill
|-resisted|p2a: Excadrill
|-damage|p2a: Excadrill|0 fnt
|faint|p2a: Excadrill
|
|win|philip609
|l|☆PlasmaJet2
