|ScrapeTime|2020-01-03-01:14:29
|j|☆HEWP RANDOMIZER
|j|☆Epicstylekyle
|player|p1|HEWP RANDOMIZER|2|1000
|player|p2|Epicstylekyle|emmet|1000
|teamsize|p1|6
|teamsize|p2|6
|gametype|singles
|gen|8
|tier|[Gen 8] OU
|rated|
|rule|Sleep Clause Mod: Limit one foe put to sleep
|rule|Species Clause: Limit one of each Pokémon
|rule|OHKO Clause: OHKO moves are banned
|rule|Evasion Moves Clause: Evasion moves are banned
|rule|Endless Battle Clause: Forcing endless battles is banned
|rule|HP Percentage Mod: HP is shown in percentages
|clearpoke
|poke|p1|Appletun, F|
|poke|p1|Ninjask, M|
|poke|p1|Espeon, M|
|poke|p1|Dracozolt|
|poke|p1|Salazzle, F|
|poke|p1|Trevenant, M|
|poke|p2|Bisharp, M|
|poke|p2|Togekiss, F|
|poke|p2|Rotom-Wash|
|poke|p2|Braviary, M|
|poke|p2|Gardevoir, M|
|poke|p2|Toxapex, M|
|rule|Dynamax Clause: You cannot dynamax
|teampreview
|
|start
|switch|p1a: Salazzle|Salazzle, F|100/100
|switch|p2a: Toxapex|Toxapex, M|100/100
|turn|1
|
|move|p1a: Salazzle|Substitute|p1a: Salazzle
|-start|p1a: Salazzle|Substitute
|-damage|p1a: Salazzle|76/100
|move|p2a: Toxapex|Light Screen|p2a: Toxapex
|-sidestart|p2: Epicstylekyle|move: Light Screen
|
|-heal|p1a: Salazzle|82/100|[from] item: Black Sludge
|upkeep
|turn|2
|
|move|p1a: Salazzle|Disable|p2a: Toxapex
|-start|p2a: Toxapex|Disable|Light Screen
|move|p2a: Toxapex|Toxic Spikes|p1a: Salazzle
|-sidestart|p1: HEWP RANDOMIZER|move: Toxic Spikes
|
|-heal|p1a: Salazzle|88/100|[from] item: Black Sludge
|upkeep
|turn|3
|
|move|p1a: Salazzle|Toxic|p2a: Toxapex
|-status|p2a: Toxapex|tox
|move|p2a: Toxapex|Toxic Spikes|p1a: Salazzle
|-sidestart|p1: HEWP RANDOMIZER|move: Toxic Spikes
|
|-heal|p1a: Salazzle|94/100|[from] item: Black Sludge
|-damage|p2a: Toxapex|94/100 tox|[from] psn
|upkeep
|turn|4
|
|move|p1a: Salazzle|Flamethrower|p2a: Toxapex
|-resisted|p2a: Toxapex
|-damage|p2a: Toxapex|88/100 tox
|move|p2a: Toxapex|Toxic Spikes||[still]
|-fail|p2a: Toxapex
|
|-heal|p1a: Salazzle|100/100|[from] item: Black Sludge
|-damage|p2a: Toxapex|75/100 tox|[from] psn
|upkeep
|turn|5
|
|switch|p1a: Dracozolt|Dracozolt|100/100
|-status|p1a: Dracozolt|tox
|move|p2a: Toxapex|Recover|p2a: Toxapex
|-heal|p2a: Toxapex|100/100 tox
|
|-damage|p1a: Dracozolt|94/100 tox|[from] psn
|-damage|p2a: Toxapex|82/100 tox|[from] psn
|-end|p2a: Toxapex|Disable
|-sideend|p2: Epicstylekyle|move: Light Screen
|upkeep
|turn|6
|
|move|p1a: Dracozolt|Bolt Beak|p2a: Toxapex
|-supereffective|p2a: Toxapex
|-damage|p2a: Toxapex|0 fnt
|faint|p2a: Toxapex
|
|-damage|p1a: Dracozolt|82/100 tox|[from] psn
|upkeep
|c|☆HEWP RANDOMIZER|hurry pls
|
|switch|p2a: Bitch|Bisharp, M|100/100
|turn|7
|c|☆Epicstylekyle|fuck off
|c|☆HEWP RANDOMIZER|jeez
|
|move|p2a: Bitch|Swords Dance|p2a: Bitch
|-boost|p2a: Bitch|atk|2
|move|p1a: Dracozolt|Outrage|p2a: Bitch
|-resisted|p2a: Bitch
|-damage|p2a: Bitch|65/100
|
|-damage|p1a: Dracozolt|63/100 tox|[from] psn
|upkeep
|turn|8
|c|☆HEWP RANDOMIZER|rude
|
|move|p2a: Bitch|Sucker Punch|p1a: Dracozolt
|-damage|p1a: Dracozolt|0 fnt
|-damage|p2a: Bitch|55/100|[from] item: Life Orb
|faint|p1a: Dracozolt
|
|upkeep
|
|switch|p1a: Salazzle|Salazzle, F|100/100
|-sideend|p1: HEWP RANDOMIZER|move: Toxic Spikes|[of] p1a: Salazzle
|turn|9
|
|move|p2a: Bitch|Protect|p2a: Bitch
|-singleturn|p2a: Bitch|Protect
|move|p1a: Salazzle|Substitute|p1a: Salazzle
|-start|p1a: Salazzle|Substitute
|-damage|p1a: Salazzle|76/100
|
|-heal|p1a: Salazzle|82/100|[from] item: Black Sludge
|upkeep
|turn|10
|
|move|p2a: Bitch|Sucker Punch|p1a: Salazzle
|-end|p1a: Salazzle|Substitute
|-damage|p2a: Bitch|45/100|[from] item: Life Orb
|move|p1a: Salazzle|Flamethrower|p2a: Bitch
|-supereffective|p2a: Bitch
|-damage|p2a: Bitch|0 fnt
|faint|p2a: Bitch
|
|-heal|p1a: Salazzle|88/100|[from] item: Black Sludge
|upkeep
|
|switch|p2a: Rotom|Rotom-Wash|100/100
|turn|11
|
|switch|p1a: Appletun|Appletun, F|100/100
|move|p2a: Rotom|Nasty Plot|p2a: Rotom
|-boost|p2a: Rotom|spa|2
|
|upkeep
|turn|12
|
|move|p2a: Rotom|Volt Switch|p1a: Appletun
|-resisted|p1a: Appletun
|-damage|p1a: Appletun|84/100
|
|switch|p2a: Togekiss|Togekiss, F|100/100|[from]move: Volt Switch
|move|p1a: Appletun|Leech Seed|p2a: Togekiss|[miss]
|-miss|p1a: Appletun|p2a: Togekiss
|
|-heal|p1a: Appletun|91/100|[from] item: Leftovers
|upkeep
|turn|13
|
|switch|p1a: Salazzle|Salazzle, F|88/100
|move|p2a: Togekiss|Nasty Plot|p2a: Togekiss
|-boost|p2a: Togekiss|spa|2
|
|-heal|p1a: Salazzle|94/100|[from] item: Black Sludge
|upkeep
|turn|14
|
|move|p1a: Salazzle|Toxic|p2a: Togekiss
|-status|p2a: Togekiss|tox
|move|p2a: Togekiss|Air Slash|p1a: Salazzle
|-damage|p1a: Salazzle|0 fnt
|faint|p1a: Salazzle
|
|-damage|p2a: Togekiss|94/100 tox|[from] psn
|upkeep
|
|switch|p1a: Ninjask|Ninjask, M|100/100
|turn|15
|
|move|p1a: Ninjask|Substitute|p1a: Ninjask
|-start|p1a: Ninjask|Substitute
|-damage|p1a: Ninjask|76/100
|move|p2a: Togekiss|Air Slash|p1a: Ninjask
|-supereffective|p1a: Ninjask
|-end|p1a: Ninjask|Substitute
|
|-heal|p2a: Togekiss|100/100 tox|[from] item: Leftovers
|-damage|p2a: Togekiss|88/100 tox|[from] psn
|-ability|p1a: Ninjask|Speed Boost|boost
|-boost|p1a: Ninjask|spe|1
|upkeep
|turn|16
|
|move|p1a: Ninjask|Protect|p1a: Ninjask
|-singleturn|p1a: Ninjask|Protect
|move|p2a: Togekiss|Air Slash|p1a: Ninjask
|-activate|p1a: Ninjask|move: Protect
|
|-heal|p2a: Togekiss|94/100 tox|[from] item: Leftovers
|-damage|p2a: Togekiss|76/100 tox|[from] psn
|-ability|p1a: Ninjask|Speed Boost|boost
|-boost|p1a: Ninjask|spe|1
|upkeep
|turn|17
|
|move|p1a: Ninjask|X-Scissor|p2a: Togekiss
|-resisted|p2a: Togekiss
|-damage|p2a: Togekiss|69/100 tox
|move|p2a: Togekiss|Nasty Plot|p2a: Togekiss
|-boost|p2a: Togekiss|spa|2
|
|-heal|p2a: Togekiss|75/100 tox|[from] item: Leftovers
|-damage|p2a: Togekiss|51/100 tox|[from] psn
|-ability|p1a: Ninjask|Speed Boost|boost
|-boost|p1a: Ninjask|spe|1
|upkeep
|turn|18
|
|move|p1a: Ninjask|Protect|p1a: Ninjask
|-singleturn|p1a: Ninjask|Protect
|move|p2a: Togekiss|Morning Sun|p2a: Togekiss
|-heal|p2a: Togekiss|100/100 tox
|
|-damage|p2a: Togekiss|70/100 tox|[from] psn
|-ability|p1a: Ninjask|Speed Boost|boost
|-boost|p1a: Ninjask|spe|1
|upkeep
|turn|19
|
|switch|p1a: Espeon|Espeon, M|100/100
|move|p2a: Togekiss|Thunder Wave|p1a: Espeon
|move|p1a: Espeon|Thunder Wave|p2a: Togekiss|[from]Magic Bounce|[miss]
|-miss|p1a: Espeon|p2a: Togekiss
|
|-heal|p2a: Togekiss|76/100 tox|[from] item: Leftovers
|-damage|p2a: Togekiss|40/100 tox|[from] psn
|upkeep
|turn|20
|
|move|p1a: Espeon|Dazzling Gleam|p2a: Togekiss
|-damage|p2a: Togekiss|9/100 tox
|-damage|p1a: Espeon|91/100|[from] item: Life Orb
|move|p2a: Togekiss|Air Slash|p1a: Espeon
|-damage|p1a: Espeon|0 fnt
|faint|p1a: Espeon
|
|-heal|p2a: Togekiss|16/100 tox|[from] item: Leftovers
|-damage|p2a: Togekiss|0 fnt|[from] psn
|faint|p2a: Togekiss
|upkeep
|
|switch|p1a: Trevenant|Trevenant, M|100/100
|switch|p2a: Rotom|Rotom-Wash|100/100
|turn|21
|
|move|p2a: Rotom|Volt Switch|p1a: Trevenant
|-resisted|p1a: Trevenant
|-damage|p1a: Trevenant|85/100
|
|switch|p2a: Braviary|Braviary, M|100/100|[from]move: Volt Switch
|move|p1a: Trevenant|Wood Hammer|p2a: Braviary
|-resisted|p2a: Braviary
|-damage|p2a: Braviary|68/100
|-damage|p1a: Trevenant|75/100|[from] Recoil
|
|upkeep
|turn|22
|
|move|p2a: Braviary|Brave Bird|p1a: Trevenant
|-supereffective|p1a: Trevenant
|-damage|p1a: Trevenant|0 fnt
|-damage|p2a: Braviary|41/100|[from] Recoil
|faint|p1a: Trevenant
|
|upkeep
|
|switch|p1a: Appletun|Appletun, F|91/100
|turn|23
|
|move|p2a: Braviary|Brave Bird|p1a: Appletun
|-supereffective|p1a: Appletun
|-damage|p1a: Appletun|13/100
|-damage|p2a: Braviary|10/100|[from] Recoil
|move|p1a: Appletun|Draco Meteor|p2a: Braviary
|-damage|p2a: Braviary|0 fnt
|-unboost|p1a: Appletun|spa|2
|faint|p2a: Braviary
|
|-heal|p1a: Appletun|19/100|[from] item: Leftovers
|upkeep
|
|switch|p2a: Gardevoir|Gardevoir, M|100/100
|turn|24
|
|move|p2a: Gardevoir|Moonblast|p1a: Appletun
|-supereffective|p1a: Appletun
|-damage|p1a: Appletun|0 fnt
|faint|p1a: Appletun
|
|upkeep
|
|switch|p1a: Ninjask|Ninjask, M|76/100
|turn|25
|
|move|p1a: Ninjask|Substitute|p1a: Ninjask
|-start|p1a: Ninjask|Substitute
|-damage|p1a: Ninjask|51/100
|move|p2a: Gardevoir|Moonblast|p1a: Ninjask
|-end|p1a: Ninjask|Substitute
|
|-ability|p1a: Ninjask|Speed Boost|boost
|-boost|p1a: Ninjask|spe|1
|upkeep
|turn|26
|
|move|p1a: Ninjask|Protect|p1a: Ninjask
|-singleturn|p1a: Ninjask|Protect
|move|p2a: Gardevoir|Moonblast|p1a: Ninjask
|-activate|p1a: Ninjask|move: Protect
|
|-ability|p1a: Ninjask|Speed Boost|boost
|-boost|p1a: Ninjask|spe|1
|upkeep
|turn|27
|
|move|p1a: Ninjask|X-Scissor|p2a: Gardevoir
|-damage|p2a: Gardevoir|60/100
|move|p2a: Gardevoir|Moonblast|p1a: Ninjask
|-damage|p1a: Ninjask|0 fnt
|faint|p1a: Ninjask
|
|win|Epicstylekyle
|n|!Epicstylekyle|epicstylekyle
|l|☆HEWP RANDOMIZER
|raw|HEWP RANDOMIZER's rating: 1000 → 1000(+0 for losing)
|raw|Epicstylekyle's rating: 1000 → 1040(+40 for winning)
