|ScrapeTime|2020-01-01-18:54:48
|j|☆The first rule
|j|☆KKirby
|player|p1|The first rule|cynthia-gen4|1570
|player|p2|KKirby|265|1536
|teamsize|p1|6
|teamsize|p2|6
|gametype|singles
|gen|8
|tier|[Gen 8] OU
|rated|
|rule|Sleep Clause Mod: Limit one foe put to sleep
|rule|Species Clause: Limit one of each Pokémon
|rule|OHKO Clause: OHKO moves are banned
|rule|Evasion Moves Clause: Evasion moves are banned
|rule|Endless Battle Clause: Forcing endless battles is banned
|rule|HP Percentage Mod: HP is shown in percentages
|clearpoke
|poke|p1|Pelipper, M|
|poke|p1|Ferrothorn, M|
|poke|p1|Barraskewda, M|
|poke|p1|Dracovish|
|poke|p1|Seismitoad, M|
|poke|p1|Rotom-Mow|
|poke|p2|Dragapult, F|
|poke|p2|Cinderace, F|
|poke|p2|Obstagoon, F|
|poke|p2|Seismitoad, F|
|poke|p2|Corviknight, M|
|poke|p2|Rotom-Wash|
|rule|Dynamax Clause: You cannot dynamax
|teampreview
|
|start
|switch|p1a: Rotom|Rotom-Mow|100/100
|switch|p2a: RoTomorrow|Rotom-Wash|100/100
|turn|1
|
|move|p1a: Rotom|Volt Switch|p2a: RoTomorrow
|-damage|p2a: RoTomorrow|55/100
|
|switch|p1a: Ferrothorn|Ferrothorn, M, shiny|100/100|[from]move: Volt Switch
|move|p2a: RoTomorrow|Volt Switch|p1a: Ferrothorn
|-resisted|p1a: Ferrothorn
|-damage|p1a: Ferrothorn|89/100
|
|switch|p2a: Bolt Kick|Cinderace, F|100/100|[from]move: Volt Switch
|
|-heal|p1a: Ferrothorn|96/100|[from] item: Leftovers
|upkeep
|turn|2
|
|switch|p1a: Pelipper|Pelipper, M, shiny|100/100
|-weather|RainDance|[from] ability: Drizzle|[of] p1a: Pelipper
|move|p2a: Bolt Kick|U-turn|p1a: Pelipper
|-resisted|p1a: Pelipper
|-damage|p1a: Pelipper|91/100
|
|switch|p2a: RoTomorrow|Rotom-Wash|55/100|[from]move: U-turn
|
|-weather|RainDance|[upkeep]
|upkeep
|turn|3
|inactive|Battle timer is ON: inactive players will automatically lose when time's up. (requested by KKirby)
|
|switch|p1a: Ferrothorn|Ferrothorn, M, shiny|96/100
|move|p2a: RoTomorrow|Trick|p1a: Ferrothorn
|-activate|p2a: RoTomorrow|move: Trick|[of] p1a: Ferrothorn
|-item|p1a: Ferrothorn|Choice Scarf|[from] move: Trick
|-item|p2a: RoTomorrow|Leftovers|[from] move: Trick
|
|-weather|RainDance|[upkeep]
|-heal|p2a: RoTomorrow|61/100|[from] item: Leftovers
|upkeep
|turn|4
|
|move|p2a: RoTomorrow|Volt Switch|p1a: Ferrothorn
|-resisted|p1a: Ferrothorn
|-damage|p1a: Ferrothorn|85/100
|
|switch|p2a: Bolt Kick|Cinderace, F|100/100|[from]move: Volt Switch
|move|p1a: Ferrothorn|Knock Off|p2a: Bolt Kick
|-damage|p2a: Bolt Kick|70/100
|-enditem|p2a: Bolt Kick|Heavy-Duty Boots|[from] move: Knock Off|[of] p1a: Ferrothorn
|
|-weather|RainDance|[upkeep]
|upkeep
|turn|5
|
|switch|p1a: Dracovish|Dracovish|100/100
|move|p2a: Bolt Kick|U-turn|p1a: Dracovish
|-damage|p1a: Dracovish|78/100
|
|switch|p2a: SeismiGOAT|Seismitoad, F|100/100|[from]move: U-turn
|
|-weather|RainDance|[upkeep]
|upkeep
|turn|6
|
|move|p1a: Dracovish|Super Fang|p2a: SeismiGOAT
|-damage|p2a: SeismiGOAT|50/100
|move|p2a: SeismiGOAT|Stealth Rock|p1a: Dracovish
|-sidestart|p1: The first rule|move: Stealth Rock
|
|-weather|RainDance|[upkeep]
|-heal|p2a: SeismiGOAT|57/100|[from] item: Leftovers
|upkeep
|turn|7
|
|switch|p1a: Ferrothorn|Ferrothorn, M, shiny|85/100
|-damage|p1a: Ferrothorn|78/100|[from] Stealth Rock
|move|p2a: SeismiGOAT|Toxic|p1a: Ferrothorn
|-immune|p1a: Ferrothorn
|
|-weather|RainDance|[upkeep]
|-heal|p2a: SeismiGOAT|63/100|[from] item: Leftovers
|upkeep
|turn|8
|
|move|p2a: SeismiGOAT|Earthquake|p1a: Ferrothorn
|-damage|p1a: Ferrothorn|54/100
|move|p1a: Ferrothorn|Stealth Rock|p2a: SeismiGOAT
|-sidestart|p2: KKirby|move: Stealth Rock
|
|-weather|RainDance|[upkeep]
|-heal|p2a: SeismiGOAT|69/100|[from] item: Leftovers
|upkeep
|turn|9
|
|switch|p1a: Rotom|Rotom-Mow|100/100
|-damage|p1a: Rotom|88/100|[from] Stealth Rock
|move|p2a: SeismiGOAT|Toxic|p1a: Rotom
|-status|p1a: Rotom|tox
|
|-weather|none
|-heal|p2a: SeismiGOAT|75/100|[from] item: Leftovers
|-damage|p1a: Rotom|82/100 tox|[from] psn
|upkeep
|turn|10
|
|switch|p2a: Bolt Kick|Cinderace, F|70/100
|-damage|p2a: Bolt Kick|45/100|[from] Stealth Rock
|move|p1a: Rotom|Trick|p2a: Bolt Kick
|-activate|p1a: Rotom|move: Trick|[of] p2a: Bolt Kick
|-item|p2a: Bolt Kick|Choice Scarf|[from] move: Trick
|-enditem|p1a: Rotom|Choice Scarf|[silent]|[from] move: Trick
|
|-damage|p1a: Rotom|69/100 tox|[from] psn
|upkeep
|turn|11
|
|switch|p1a: Pelipper|Pelipper, M, shiny|91/100
|-damage|p1a: Pelipper|66/100|[from] Stealth Rock
|-weather|RainDance|[from] ability: Drizzle|[of] p1a: Pelipper
|move|p2a: Bolt Kick|U-turn|p1a: Pelipper
|-resisted|p1a: Pelipper
|-crit|p1a: Pelipper
|-damage|p1a: Pelipper|54/100
|
|switch|p2a: RoTomorrow|Rotom-Wash|61/100|[from]move: U-turn
|-damage|p2a: RoTomorrow|49/100|[from] Stealth Rock
|
|-weather|RainDance|[upkeep]
|-heal|p2a: RoTomorrow|55/100|[from] item: Leftovers
|upkeep
|turn|12
|
|switch|p1a: Seismitoad|Seismitoad, M, shiny|100/100
|-damage|p1a: Seismitoad|95/100|[from] Stealth Rock
|move|p2a: RoTomorrow|Hydro Pump|p1a: Seismitoad|[miss]
|-miss|p2a: RoTomorrow|p1a: Seismitoad
|
|-weather|RainDance|[upkeep]
|-heal|p2a: RoTomorrow|61/100|[from] item: Leftovers
|upkeep
|turn|13
|
|move|p1a: Seismitoad|Power Whip|p2a: RoTomorrow|[miss]
|-miss|p1a: Seismitoad|p2a: RoTomorrow
|move|p2a: RoTomorrow|Hydro Pump|p1a: Seismitoad|[miss]
|-miss|p2a: RoTomorrow|p1a: Seismitoad
|
|-weather|RainDance|[upkeep]
|-heal|p2a: RoTomorrow|68/100|[from] item: Leftovers
|upkeep
|turn|14
|c|☆The first rule|lmao
|
|switch|p2a: BIRD|Corviknight, M|100/100
|-damage|p2a: BIRD|88/100|[from] Stealth Rock
|-ability|p2a: BIRD|Pressure
|move|p1a: Seismitoad|Liquidation|p2a: BIRD
|-damage|p2a: BIRD|32/100
|-damage|p1a: Seismitoad|85/100|[from] item: Life Orb
|
|-weather|RainDance|[upkeep]
|-heal|p2a: BIRD|38/100|[from] item: Leftovers
|upkeep
|turn|15
|
|move|p1a: Seismitoad|Liquidation|p2a: BIRD
|-damage|p2a: BIRD|0 fnt
|-damage|p1a: Seismitoad|75/100|[from] item: Life Orb
|faint|p2a: BIRD
|
|-weather|RainDance|[upkeep]
|upkeep
|
|switch|p2a: Bolt Kick|Cinderace, F|45/100
|-damage|p2a: Bolt Kick|20/100|[from] Stealth Rock
|turn|16
|
|switch|p1a: Ferrothorn|Ferrothorn, M, shiny|54/100
|-damage|p1a: Ferrothorn|48/100|[from] Stealth Rock
|move|p2a: Bolt Kick|Pyro Ball|p1a: Ferrothorn
|-supereffective|p1a: Ferrothorn
|-damage|p1a: Ferrothorn|0 fnt
|faint|p1a: Ferrothorn
|
|-weather|RainDance|[upkeep]
|upkeep
|inactive|The first rule has 120 seconds left.
|
|switch|p1a: Dracovish|Dracovish|78/100
|-damage|p1a: Dracovish|65/100|[from] Stealth Rock
|turn|17
|
|move|p2a: Bolt Kick|Pyro Ball|p1a: Dracovish
|-resisted|p1a: Dracovish
|-damage|p1a: Dracovish|55/100
|move|p1a: Dracovish|Crunch|p2a: Bolt Kick
|-damage|p2a: Bolt Kick|0 fnt
|faint|p2a: Bolt Kick
|
|-weather|RainDance|[upkeep]
|upkeep
|
|switch|p2a: GOON GANG|Obstagoon, F|100/100
|-damage|p2a: GOON GANG|88/100|[from] Stealth Rock
|turn|18
|inactive|The first rule has 120 seconds left.
|
|move|p2a: GOON GANG|Knock Off|p1a: Dracovish
|-damage|p1a: Dracovish|15/100
|-enditem|p1a: Dracovish|Choice Band|[from] move: Knock Off|[of] p2a: GOON GANG
|move|p1a: Dracovish|Crunch|p2a: GOON GANG
|-resisted|p2a: GOON GANG
|-damage|p2a: GOON GANG|71/100
|
|-weather|none
|-status|p2a: GOON GANG|brn|[from] item: Flame Orb
|upkeep
|turn|19
|
|switch|p1a: Pelipper|Pelipper, M, shiny|54/100
|-damage|p1a: Pelipper|29/100|[from] Stealth Rock
|-weather|RainDance|[from] ability: Drizzle|[of] p1a: Pelipper
|move|p2a: GOON GANG|Facade|p1a: Pelipper
|-damage|p1a: Pelipper|0 fnt
|faint|p1a: Pelipper
|
|-weather|RainDance|[upkeep]
|-damage|p2a: GOON GANG|64/100 brn|[from] brn
|upkeep
|inactive|The first rule has 90 seconds left.
|
|switch|p1a: Seismitoad|Seismitoad, M, shiny|75/100
|-damage|p1a: Seismitoad|69/100|[from] Stealth Rock
|turn|20
|
|switch|p2a: RoTomorrow|Rotom-Wash|68/100
|-damage|p2a: RoTomorrow|55/100|[from] Stealth Rock
|move|p1a: Seismitoad|Drain Punch|p2a: RoTomorrow
|-damage|p2a: RoTomorrow|13/100
|-heal|p1a: Seismitoad|83/100|[from] drain|[of] p2a: RoTomorrow
|-damage|p1a: Seismitoad|73/100|[from] item: Life Orb
|
|-weather|RainDance|[upkeep]
|-heal|p2a: RoTomorrow|20/100|[from] item: Leftovers
|upkeep
|turn|21
|inactive|The first rule has 90 seconds left.
|
|move|p1a: Seismitoad|Liquidation|p2a: RoTomorrow
|-resisted|p2a: RoTomorrow
|-damage|p2a: RoTomorrow|0 fnt
|-damage|p1a: Seismitoad|63/100|[from] item: Life Orb
|faint|p2a: RoTomorrow
|
|-weather|RainDance|[upkeep]
|upkeep
|
|switch|p2a: Pult Up|Dragapult, F|100/100
|-damage|p2a: Pult Up|88/100|[from] Stealth Rock
|turn|22
|
|move|p1a: Seismitoad|Earthquake|p2a: Pult Up
|-damage|p2a: Pult Up|8/100
|-damage|p1a: Seismitoad|53/100|[from] item: Life Orb
|move|p2a: Pult Up|Dragon Darts|p1a: Seismitoad
|-crit|p1a: Seismitoad
|-damage|p1a: Seismitoad|0 fnt
|-hitcount|p1a: Seismitoad|1
|faint|p1a: Seismitoad
|
|-weather|RainDance|[upkeep]
|upkeep
|inactive|The first rule has 90 seconds left.
|
|switch|p1a: Barraskewda|Barraskewda, M|100/100
|-damage|p1a: Barraskewda|88/100|[from] Stealth Rock
|turn|23
|
|move|p1a: Barraskewda|Aqua Jet|p2a: Pult Up
|-resisted|p2a: Pult Up
|-damage|p2a: Pult Up|0 fnt
|-damage|p1a: Barraskewda|78/100|[from] item: Life Orb
|faint|p2a: Pult Up
|
|-weather|RainDance|[upkeep]
|upkeep
|
|switch|p2a: SeismiGOAT|Seismitoad, F|75/100
|-damage|p2a: SeismiGOAT|69/100|[from] Stealth Rock
|turn|24
|
|switch|p1a: Dracovish|Dracovish|15/100
|-damage|p1a: Dracovish|2/100|[from] Stealth Rock
|move|p2a: SeismiGOAT|Earthquake|p1a: Dracovish
|-damage|p1a: Dracovish|0 fnt
|faint|p1a: Dracovish
|
|-weather|RainDance|[upkeep]
|-heal|p2a: SeismiGOAT|75/100|[from] item: Leftovers
|upkeep
|
|switch|p1a: Rotom|Rotom-Mow|69/100 tox
|-damage|p1a: Rotom|57/100 tox|[from] Stealth Rock
|turn|25
|
|switch|p2a: GOON GANG|Obstagoon, F|64/100 brn
|-damage|p2a: GOON GANG|52/100 brn|[from] Stealth Rock
|move|p1a: Rotom|Leaf Storm|p2a: GOON GANG
|-damage|p2a: GOON GANG|0 fnt
|-unboost|p1a: Rotom|spa|2
|faint|p2a: GOON GANG
|
|-weather|RainDance|[upkeep]
|-damage|p1a: Rotom|51/100 tox|[from] psn
|upkeep
|
|switch|p2a: SeismiGOAT|Seismitoad, F|75/100
|-damage|p2a: SeismiGOAT|69/100|[from] Stealth Rock
|turn|26
|c|☆KKirby|Gg
|c|☆The first rule|gg
|
|move|p1a: Rotom|Leaf Storm|p2a: SeismiGOAT
|-supereffective|p2a: SeismiGOAT
|-damage|p2a: SeismiGOAT|0 fnt
|-unboost|p1a: Rotom|spa|2
|faint|p2a: SeismiGOAT
|
|win|The first rule
|raw|The first rule's rating: 1570 → 1587(+17 for winning)
|raw|KKirby's rating: 1520 → 1503(-17 for losing)
