|ScrapeTime|2020-01-02-15:12:35
|j|☆anhungerartists
|j|☆SingeFurieux
|player|p1|anhungerartists|1|1175
|player|p2|SingeFurieux|265|1207
|teamsize|p1|6
|teamsize|p2|6
|gametype|singles
|gen|8
|tier|[Gen 8] OU
|rated|
|rule|Sleep Clause Mod: Limit one foe put to sleep
|rule|Species Clause: Limit one of each Pokémon
|rule|OHKO Clause: OHKO moves are banned
|rule|Evasion Moves Clause: Evasion moves are banned
|rule|Endless Battle Clause: Forcing endless battles is banned
|rule|HP Percentage Mod: HP is shown in percentages
|clearpoke
|poke|p1|Salazzle, F|
|poke|p1|Seismitoad, F|
|poke|p1|Dragapult, M|
|poke|p1|Mandibuzz, F|
|poke|p1|Rotom-Heat|
|poke|p1|Mimikyu, M|
|poke|p2|Toxapex, M|
|poke|p2|Obstagoon, M|
|poke|p2|Excadrill, F|
|poke|p2|Corviknight, M|
|poke|p2|Dragapult, F|
|poke|p2|Clefable, F|
|rule|Dynamax Clause: You cannot dynamax
|teampreview
|inactive|Battle timer is ON: inactive players will automatically lose when time's up. (requested by SingeFurieux)
|
|start
|switch|p1a: Salazzle|Salazzle, F|100/100
|switch|p2a: Excadrill|Excadrill, F|100/100
|-ability|p2a: Excadrill|Mold Breaker
|turn|1
|
|move|p1a: Salazzle|Protect|p1a: Salazzle
|-singleturn|p1a: Salazzle|Protect
|move|p2a: Excadrill|Earthquake|p1a: Salazzle
|-activate|p1a: Salazzle|move: Protect
|
|upkeep
|turn|2
|
|switch|p2a: Clefable|Clefable, F|100/100
|switch|p1a: Mandibuzz|Mandibuzz, F|100/100
|
|upkeep
|turn|3
|
|move|p1a: Mandibuzz|Taunt|p2a: Clefable
|-start|p2a: Clefable|move: Taunt
|cant|p2a: Clefable|move: Taunt|Stealth Rock
|
|upkeep
|turn|4
|
|switch|p1a: Salazzle|Salazzle, F|100/100
|switch|p2a: Corviknight|Corviknight, M|100/100
|-ability|p2a: Corviknight|Pressure
|
|upkeep
|turn|5
|
|switch|p2a: Toxapex|Toxapex, M|100/100
|move|p1a: Salazzle|Toxic|p2a: Toxapex
|-status|p2a: Toxapex|tox
|
|-damage|p2a: Toxapex|94/100 tox|[from] psn
|upkeep
|turn|6
|
|move|p1a: Salazzle|Substitute|p1a: Salazzle
|-start|p1a: Salazzle|Substitute
|-damage|p1a: Salazzle|76/100
|move|p2a: Toxapex|Toxic Spikes|p1a: Salazzle
|-sidestart|p1: anhungerartists|move: Toxic Spikes
|
|-heal|p1a: Salazzle|82/100|[from] item: Black Sludge
|-heal|p2a: Toxapex|100/100 tox|[from] item: Black Sludge
|-damage|p2a: Toxapex|88/100 tox|[from] psn
|upkeep
|turn|7
|
|move|p1a: Salazzle|Protect|p1a: Salazzle
|-singleturn|p1a: Salazzle|Protect
|move|p2a: Toxapex|Scald|p1a: Salazzle
|-activate|p1a: Salazzle|move: Protect
|
|-heal|p1a: Salazzle|88/100|[from] item: Black Sludge
|-heal|p2a: Toxapex|94/100 tox|[from] item: Black Sludge
|-damage|p2a: Toxapex|75/100 tox|[from] psn
|upkeep
|turn|8
|
|switch|p1a: Mandibuzz|Mandibuzz, F|100/100
|move|p2a: Toxapex|Toxic Spikes|p1a: Mandibuzz
|-sidestart|p1: anhungerartists|move: Toxic Spikes
|
|-heal|p2a: Toxapex|82/100 tox|[from] item: Black Sludge
|-damage|p2a: Toxapex|57/100 tox|[from] psn
|upkeep
|turn|9
|
|switch|p2a: Obstagoon|Obstagoon, M|100/100
|move|p1a: Mandibuzz|Taunt|p2a: Obstagoon
|-start|p2a: Obstagoon|move: Taunt
|
|-status|p2a: Obstagoon|brn|[from] item: Flame Orb
|upkeep
|turn|10
|
|move|p2a: Obstagoon|Knock Off|p1a: Mandibuzz
|-resisted|p1a: Mandibuzz
|-damage|p1a: Mandibuzz|84/100
|-enditem|p1a: Mandibuzz|Heavy-Duty Boots|[from] move: Knock Off|[of] p2a: Obstagoon
|move|p1a: Mandibuzz|Defog|p2a: Obstagoon
|-unboost|p2a: Obstagoon|evasion|1
|-sideend|p1: anhungerartists|Toxic Spikes|[from] move: Defog|[of] p1a: Mandibuzz
|
|-damage|p2a: Obstagoon|94/100 brn|[from] brn
|upkeep
|turn|11
|
|move|p2a: Obstagoon|Facade|p1a: Mandibuzz
|-damage|p1a: Mandibuzz|38/100
|move|p1a: Mandibuzz|Knock Off|p2a: Obstagoon
|-resisted|p2a: Obstagoon
|-damage|p2a: Obstagoon|82/100 brn
|-enditem|p2a: Obstagoon|Flame Orb|[from] move: Knock Off|[of] p1a: Mandibuzz
|
|-damage|p2a: Obstagoon|76/100 brn|[from] brn
|-end|p2a: Obstagoon|move: Taunt
|upkeep
|turn|12
|
|switch|p1a: Mimikyu|Mimikyu, M|100/100
|move|p2a: Obstagoon|Knock Off|p1a: Mimikyu
|-activate|p1a: Mimikyu|ability: Disguise
|-damage|p1a: Mimikyu|100/100
|-enditem|p1a: Mimikyu|Life Orb|[from] move: Knock Off|[of] p2a: Obstagoon
|detailschange|p1a: Mimikyu|Mimikyu-Busted, M
|-damage|p1a: Mimikyu|88/100|[from] ability: Disguise|[of] p1a: Mimikyu
|
|-damage|p2a: Obstagoon|70/100 brn|[from] brn
|upkeep
|turn|13
|
|switch|p1a: Mandibuzz|Mandibuzz, F|38/100
|switch|p2a: Toxapex|Toxapex, M|90/100 tox
|
|-heal|p2a: Toxapex|96/100 tox|[from] item: Black Sludge
|-damage|p2a: Toxapex|90/100 tox|[from] psn
|upkeep
|turn|14
|
|move|p1a: Mandibuzz|Roost|p1a: Mandibuzz
|-heal|p1a: Mandibuzz|88/100
|-singleturn|p1a: Mandibuzz|move: Roost
|move|p2a: Toxapex|Scald|p1a: Mandibuzz
|-damage|p1a: Mandibuzz|73/100
|
|-heal|p2a: Toxapex|96/100 tox|[from] item: Black Sludge
|-damage|p2a: Toxapex|84/100 tox|[from] psn
|upkeep
|turn|15
|
|switch|p2a: Clefable|Clefable, F|100/100
|move|p1a: Mandibuzz|Taunt|p2a: Clefable
|-start|p2a: Clefable|move: Taunt
|
|upkeep
|turn|16
|
|switch|p1a: Rotom|Rotom-Heat|100/100
|move|p2a: Clefable|Moonblast|p1a: Rotom
|-resisted|p1a: Rotom
|-damage|p1a: Rotom|61/100
|-unboost|p1a: Rotom|spa|1
|
|upkeep
|turn|17
|
|switch|p2a: Obstagoon|Obstagoon, M|70/100 brn
|move|p1a: Rotom|Will-O-Wisp|p2a: Obstagoon
|-fail|p2a: Obstagoon|brn
|
|-damage|p2a: Obstagoon|63/100 brn|[from] brn
|upkeep
|turn|18
|
|switch|p1a: Mandibuzz|Mandibuzz, F|73/100
|move|p2a: Obstagoon|Knock Off|p1a: Mandibuzz
|-resisted|p1a: Mandibuzz
|-damage|p1a: Mandibuzz|61/100
|
|-damage|p2a: Obstagoon|57/100 brn|[from] brn
|upkeep
|turn|19
|
|move|p2a: Obstagoon|Facade|p1a: Mandibuzz
|-damage|p1a: Mandibuzz|9/100
|move|p1a: Mandibuzz|Roost|p1a: Mandibuzz
|-heal|p1a: Mandibuzz|59/100
|-singleturn|p1a: Mandibuzz|move: Roost
|
|-damage|p2a: Obstagoon|51/100 brn|[from] brn
|upkeep
|turn|20
|
|switch|p2a: Dragapult|Dragapult, F|100/100
|move|p1a: Mandibuzz|Roost|p1a: Mandibuzz
|-heal|p1a: Mandibuzz|100/100
|-singleturn|p1a: Mandibuzz|move: Roost
|
|upkeep
|turn|21
|
|move|p2a: Dragapult|Draco Meteor|p1a: Mandibuzz
|-damage|p1a: Mandibuzz|35/100
|-unboost|p2a: Dragapult|spa|2
|move|p1a: Mandibuzz|Knock Off|p2a: Dragapult
|-supereffective|p2a: Dragapult
|-damage|p2a: Dragapult|36/100
|-enditem|p2a: Dragapult|Choice Specs|[from] move: Knock Off|[of] p1a: Mandibuzz
|
|upkeep
|turn|22
|
|switch|p2a: Obstagoon|Obstagoon, M|51/100 brn
|move|p1a: Mandibuzz|Roost|p1a: Mandibuzz
|-heal|p1a: Mandibuzz|85/100
|-singleturn|p1a: Mandibuzz|move: Roost
|
|-damage|p2a: Obstagoon|45/100 brn|[from] brn
|upkeep
|turn|23
|inactive|SingeFurieux has 120 seconds left.
|
|move|p2a: Obstagoon|Close Combat|p1a: Mandibuzz
|-damage|p1a: Mandibuzz|59/100
|-unboost|p2a: Obstagoon|def|1
|-unboost|p2a: Obstagoon|spd|1
|move|p1a: Mandibuzz|Taunt|p2a: Obstagoon
|-start|p2a: Obstagoon|move: Taunt
|
|-damage|p2a: Obstagoon|39/100 brn|[from] brn
|upkeep
|turn|24
|inactive|SingeFurieux has 120 seconds left.
|
|switch|p2a: Dragapult|Dragapult, F|36/100
|move|p1a: Mandibuzz|Roost|p1a: Mandibuzz
|-heal|p1a: Mandibuzz|100/100
|-singleturn|p1a: Mandibuzz|move: Roost
|
|upkeep
|turn|25
|
|move|p2a: Dragapult|Thunderbolt|p1a: Mandibuzz
|-supereffective|p1a: Mandibuzz
|-damage|p1a: Mandibuzz|56/100
|move|p1a: Mandibuzz|Knock Off|p2a: Dragapult
|-supereffective|p2a: Dragapult
|-damage|p2a: Dragapult|0 fnt
|faint|p2a: Dragapult
|
|upkeep
|
|switch|p2a: Excadrill|Excadrill, F|100/100
|-ability|p2a: Excadrill|Mold Breaker
|turn|26
|
|move|p2a: Excadrill|Rock Slide|p1a: Mandibuzz
|-supereffective|p1a: Mandibuzz
|-damage|p1a: Mandibuzz|24/100
|move|p1a: Mandibuzz|Knock Off|p2a: Excadrill
|-damage|p2a: Excadrill|66/100
|-enditem|p2a: Excadrill|Choice Scarf|[from] move: Knock Off|[of] p1a: Mandibuzz
|
|upkeep
|turn|27
|
|switch|p1a: Seismitoad|Seismitoad, F|100/100
|move|p2a: Excadrill|Rock Slide|p1a: Seismitoad
|-resisted|p1a: Seismitoad
|-damage|p1a: Seismitoad|87/100
|
|-heal|p1a: Seismitoad|93/100|[from] item: Leftovers
|upkeep
|turn|28
|
|switch|p2a: Clefable|Clefable, F|100/100
|move|p1a: Seismitoad|Stealth Rock|p2a: Clefable
|-sidestart|p2: SingeFurieux|move: Stealth Rock
|
|-heal|p1a: Seismitoad|99/100|[from] item: Leftovers
|upkeep
|turn|29
|
|switch|p1a: Salazzle|Salazzle, F|88/100
|move|p2a: Clefable|Stealth Rock|p1a: Salazzle
|-sidestart|p1: anhungerartists|move: Stealth Rock
|
|-heal|p1a: Salazzle|94/100|[from] item: Black Sludge
|upkeep
|turn|30
|
|switch|p2a: Excadrill|Excadrill, F|66/100
|-damage|p2a: Excadrill|63/100|[from] Stealth Rock
|-ability|p2a: Excadrill|Mold Breaker
|move|p1a: Salazzle|Substitute|p1a: Salazzle
|-start|p1a: Salazzle|Substitute
|-damage|p1a: Salazzle|70/100
|
|-heal|p1a: Salazzle|76/100|[from] item: Black Sludge
|upkeep
|turn|31
|
|move|p1a: Salazzle|Flamethrower|p2a: Excadrill
|-supereffective|p2a: Excadrill
|-damage|p2a: Excadrill|0 fnt
|faint|p2a: Excadrill
|
|-heal|p1a: Salazzle|82/100|[from] item: Black Sludge
|upkeep
|
|switch|p2a: Clefable|Clefable, F|100/100
|turn|32
|
|switch|p2a: Toxapex|Toxapex, M|100/100 tox
|-damage|p2a: Toxapex|88/100 tox|[from] Stealth Rock
|move|p1a: Salazzle|Flamethrower|p2a: Toxapex
|-resisted|p2a: Toxapex
|-damage|p2a: Toxapex|74/100 tox
|
|-heal|p1a: Salazzle|88/100|[from] item: Black Sludge
|-heal|p2a: Toxapex|80/100 tox|[from] item: Black Sludge
|-damage|p2a: Toxapex|74/100 tox|[from] psn
|upkeep
|turn|33
|
|move|p1a: Salazzle|Protect|p1a: Salazzle
|-singleturn|p1a: Salazzle|Protect
|move|p2a: Toxapex|Scald|p1a: Salazzle
|-activate|p1a: Salazzle|move: Protect
|
|-heal|p1a: Salazzle|94/100|[from] item: Black Sludge
|-heal|p2a: Toxapex|80/100 tox|[from] item: Black Sludge
|-damage|p2a: Toxapex|68/100 tox|[from] psn
|upkeep
|turn|34
|
|move|p1a: Salazzle|Flamethrower|p2a: Toxapex
|-resisted|p2a: Toxapex
|-damage|p2a: Toxapex|53/100 tox
|move|p2a: Toxapex|Scald|p1a: Salazzle
|-supereffective|p1a: Salazzle
|-end|p1a: Salazzle|Substitute
|
|-heal|p1a: Salazzle|100/100|[from] item: Black Sludge
|-heal|p2a: Toxapex|60/100 tox|[from] item: Black Sludge
|-damage|p2a: Toxapex|41/100 tox|[from] psn
|upkeep
|turn|35
|
|switch|p1a: Seismitoad|Seismitoad, F|99/100
|-damage|p1a: Seismitoad|93/100|[from] Stealth Rock
|switch|p2a: Obstagoon|Obstagoon, M|39/100 brn
|-damage|p2a: Obstagoon|27/100 brn|[from] Stealth Rock
|
|-heal|p1a: Seismitoad|99/100|[from] item: Leftovers
|-damage|p2a: Obstagoon|21/100 brn|[from] brn
|upkeep
|turn|36
|
|move|p2a: Obstagoon|Knock Off|p1a: Seismitoad
|-damage|p1a: Seismitoad|39/100
|-enditem|p1a: Seismitoad|Leftovers|[from] move: Knock Off|[of] p2a: Obstagoon
|move|p1a: Seismitoad|Drain Punch|p2a: Obstagoon
|-supereffective|p2a: Obstagoon
|-damage|p2a: Obstagoon|0 fnt
|-heal|p1a: Seismitoad|47/100|[from] drain|[of] p2a: Obstagoon
|faint|p2a: Obstagoon
|
|upkeep
|
|switch|p2a: Corviknight|Corviknight, M|100/100
|-damage|p2a: Corviknight|88/100|[from] Stealth Rock
|-ability|p2a: Corviknight|Pressure
|turn|37
|
|switch|p1a: Rotom|Rotom-Heat|61/100
|move|p2a: Corviknight|Taunt|p1a: Rotom
|-start|p1a: Rotom|move: Taunt
|
|-heal|p2a: Corviknight|94/100|[from] item: Leftovers
|upkeep
|turn|38
|
|switch|p2a: Clefable|Clefable, F|100/100
|move|p1a: Rotom|Volt Switch|p2a: Clefable
|-damage|p2a: Clefable|66/100
|
|switch|p1a: Mandibuzz|Mandibuzz, F|24/100|[from]move: Volt Switch
|-damage|p1a: Mandibuzz|0 fnt|[from] Stealth Rock
|faint|p1a: Mandibuzz
|
|upkeep
|
|switch|p1a: Rotom|Rotom-Heat|61/100
|turn|39
|
|move|p1a: Rotom|Volt Switch|p2a: Clefable
|-damage|p2a: Clefable|36/100
|
|switch|p1a: Seismitoad|Seismitoad, F|47/100|[from]move: Volt Switch
|-damage|p1a: Seismitoad|41/100|[from] Stealth Rock
|move|p2a: Clefable|Moonlight|p2a: Clefable
|-heal|p2a: Clefable|86/100
|
|upkeep
|turn|40
|
|move|p2a: Clefable|Moonblast|p1a: Seismitoad
|-damage|p1a: Seismitoad|0 fnt
|faint|p1a: Seismitoad
|
|upkeep
|
|switch|p1a: Rotom|Rotom-Heat|61/100
|turn|41
|l|☆SingeFurieux
|inactive|SingeFurieux disconnected and has a minute to reconnect!
|player|p2|
|j|☆SingeFurieux
|inactive|SingeFurieux reconnected and has 115 seconds left.
|player|p2|SingeFurieux|265
|
|move|p1a: Rotom|Nasty Plot|p1a: Rotom
|-boost|p1a: Rotom|spa|2
|move|p2a: Clefable|Moonblast|p1a: Rotom
|-resisted|p1a: Rotom
|-damage|p1a: Rotom|24/100
|
|upkeep
|turn|42
|
|move|p1a: Rotom|Overheat|p2a: Clefable|[miss]
|-miss|p1a: Rotom|p2a: Clefable
|move|p2a: Clefable|Moonblast|p1a: Rotom
|-resisted|p1a: Rotom
|-damage|p1a: Rotom|0 fnt
|faint|p1a: Rotom
|
|upkeep
|
|switch|p1a: Salazzle|Salazzle, F|100/100
|-damage|p1a: Salazzle|76/100|[from] Stealth Rock
|turn|43
|
|switch|p2a: Toxapex|Toxapex, M|74/100 tox
|-damage|p2a: Toxapex|62/100 tox|[from] Stealth Rock
|move|p1a: Salazzle|Protect||[still]
|-fail|p1a: Salazzle
|
|-heal|p1a: Salazzle|82/100|[from] item: Black Sludge
|-heal|p2a: Toxapex|68/100 tox|[from] item: Black Sludge
|-damage|p2a: Toxapex|62/100 tox|[from] psn
|upkeep
|turn|44
|
|move|p1a: Salazzle|Protect|p1a: Salazzle
|-singleturn|p1a: Salazzle|Protect
|move|p2a: Toxapex|Toxic Spikes|p1a: Salazzle
|-sidestart|p1: anhungerartists|move: Toxic Spikes
|
|-heal|p1a: Salazzle|88/100|[from] item: Black Sludge
|-heal|p2a: Toxapex|68/100 tox|[from] item: Black Sludge
|-damage|p2a: Toxapex|55/100 tox|[from] psn
|upkeep
|turn|45
|
|move|p1a: Salazzle|Substitute|p1a: Salazzle
|-start|p1a: Salazzle|Substitute
|-damage|p1a: Salazzle|63/100
|move|p2a: Toxapex|Toxic Spikes|p1a: Salazzle
|-sidestart|p1: anhungerartists|move: Toxic Spikes
|
|-heal|p1a: Salazzle|70/100|[from] item: Black Sludge
|-heal|p2a: Toxapex|62/100 tox|[from] item: Black Sludge
|-damage|p2a: Toxapex|43/100 tox|[from] psn
|upkeep
|turn|46
|
|move|p1a: Salazzle|Protect|p1a: Salazzle
|-singleturn|p1a: Salazzle|Protect
|move|p2a: Toxapex|Recover|p2a: Toxapex
|-heal|p2a: Toxapex|93/100 tox
|
|-heal|p1a: Salazzle|76/100|[from] item: Black Sludge
|-heal|p2a: Toxapex|99/100 tox|[from] item: Black Sludge
|-damage|p2a: Toxapex|74/100 tox|[from] psn
|upkeep
|turn|47
|
|switch|p2a: Corviknight|Corviknight, M|94/100
|-damage|p2a: Corviknight|82/100|[from] Stealth Rock
|-ability|p2a: Corviknight|Pressure
|move|p1a: Salazzle|Flamethrower|p2a: Corviknight
|-supereffective|p2a: Corviknight
|-damage|p2a: Corviknight|34/100
|
|-heal|p1a: Salazzle|82/100|[from] item: Black Sludge
|-heal|p2a: Corviknight|40/100|[from] item: Leftovers
|upkeep
|turn|48
|
|switch|p2a: Toxapex|Toxapex, M|100/100 tox
|-damage|p2a: Toxapex|88/100 tox|[from] Stealth Rock
|move|p1a: Salazzle|Toxic|p2a: Toxapex
|-fail|p2a: Toxapex|tox
|
|-heal|p1a: Salazzle|88/100|[from] item: Black Sludge
|-heal|p2a: Toxapex|94/100 tox|[from] item: Black Sludge
|-damage|p2a: Toxapex|88/100 tox|[from] psn
|upkeep
|turn|49
|
|move|p1a: Salazzle|Protect|p1a: Salazzle
|-singleturn|p1a: Salazzle|Protect
|move|p2a: Toxapex|Recover|p2a: Toxapex
|-heal|p2a: Toxapex|100/100 tox
|
|-heal|p1a: Salazzle|94/100|[from] item: Black Sludge
|-damage|p2a: Toxapex|88/100 tox|[from] psn
|upkeep
|turn|50
|
|move|p1a: Salazzle|Flamethrower|p2a: Toxapex
|-resisted|p2a: Toxapex
|-damage|p2a: Toxapex|75/100 tox
|move|p2a: Toxapex|Scald|p1a: Salazzle
|-supereffective|p1a: Salazzle
|-end|p1a: Salazzle|Substitute
|
|-heal|p1a: Salazzle|100/100|[from] item: Black Sludge
|-heal|p2a: Toxapex|81/100 tox|[from] item: Black Sludge
|-damage|p2a: Toxapex|63/100 tox|[from] psn
|upkeep
|turn|51
|
|move|p1a: Salazzle|Flamethrower|p2a: Toxapex
|-resisted|p2a: Toxapex
|-damage|p2a: Toxapex|50/100 tox
|move|p2a: Toxapex|Recover|p2a: Toxapex
|-heal|p2a: Toxapex|100/100 tox
|
|-damage|p2a: Toxapex|75/100 tox|[from] psn
|upkeep
|turn|52
|
|switch|p2a: Corviknight|Corviknight, M|40/100
|-damage|p2a: Corviknight|28/100|[from] Stealth Rock
|-ability|p2a: Corviknight|Pressure
|move|p1a: Salazzle|Flamethrower|p2a: Corviknight
|-supereffective|p2a: Corviknight
|-damage|p2a: Corviknight|0 fnt
|faint|p2a: Corviknight
|
|upkeep
|
|switch|p2a: Clefable|Clefable, F|86/100
|turn|53
|
|move|p1a: Salazzle|Flamethrower|p2a: Clefable
|-damage|p2a: Clefable|54/100
|move|p2a: Clefable|Moonblast|p1a: Salazzle
|-resisted|p1a: Salazzle
|-damage|p1a: Salazzle|80/100
|
|-heal|p1a: Salazzle|87/100|[from] item: Black Sludge
|upkeep
|turn|54
|
|move|p1a: Salazzle|Substitute|p1a: Salazzle
|-start|p1a: Salazzle|Substitute
|-damage|p1a: Salazzle|62/100
|move|p2a: Clefable|Moonlight|p2a: Clefable
|-heal|p2a: Clefable|100/100
|
|-heal|p1a: Salazzle|68/100|[from] item: Black Sludge
|upkeep
|turn|55
|
|move|p1a: Salazzle|Flamethrower|p2a: Clefable
|-damage|p2a: Clefable|67/100
|move|p2a: Clefable|Moonblast|p1a: Salazzle
|-resisted|p1a: Salazzle
|-activate|p1a: Salazzle|move: Substitute|[damage]
|
|-heal|p1a: Salazzle|74/100|[from] item: Black Sludge
|upkeep
|turn|56
|
|switch|p2a: Toxapex|Toxapex, M|100/100 tox
|-damage|p2a: Toxapex|88/100 tox|[from] Stealth Rock
|move|p1a: Salazzle|Flamethrower|p2a: Toxapex
|-resisted|p2a: Toxapex
|-damage|p2a: Toxapex|74/100 tox
|
|-heal|p1a: Salazzle|80/100|[from] item: Black Sludge
|-heal|p2a: Toxapex|80/100 tox|[from] item: Black Sludge
|-damage|p2a: Toxapex|74/100 tox|[from] psn
|upkeep
|turn|57
|
|move|p1a: Salazzle|Protect|p1a: Salazzle
|-singleturn|p1a: Salazzle|Protect
|move|p2a: Toxapex|Recover|p2a: Toxapex
|-heal|p2a: Toxapex|100/100 tox
|
|-heal|p1a: Salazzle|87/100|[from] item: Black Sludge
|-damage|p2a: Toxapex|88/100 tox|[from] psn
|upkeep
|turn|58
|
|move|p1a: Salazzle|Flamethrower|p2a: Toxapex
|-resisted|p2a: Toxapex
|-damage|p2a: Toxapex|74/100 tox
|move|p2a: Toxapex|Scald|p1a: Salazzle
|-supereffective|p1a: Salazzle
|-end|p1a: Salazzle|Substitute
|
|-heal|p1a: Salazzle|93/100|[from] item: Black Sludge
|-heal|p2a: Toxapex|80/100 tox|[from] item: Black Sludge
|-damage|p2a: Toxapex|61/100 tox|[from] psn
|upkeep
|turn|59
|
|switch|p2a: Clefable|Clefable, F|67/100
|move|p1a: Salazzle|Flamethrower|p2a: Clefable
|-damage|p2a: Clefable|30/100
|
|-heal|p1a: Salazzle|99/100|[from] item: Black Sludge
|upkeep
|turn|60
|
|switch|p2a: Toxapex|Toxapex, M|95/100 tox
|-damage|p2a: Toxapex|82/100 tox|[from] Stealth Rock
|move|p1a: Salazzle|Flamethrower|p2a: Toxapex
|-resisted|p2a: Toxapex
|-damage|p2a: Toxapex|68/100 tox
|
|-heal|p1a: Salazzle|100/100|[from] item: Black Sludge
|-heal|p2a: Toxapex|74/100 tox|[from] item: Black Sludge
|-damage|p2a: Toxapex|68/100 tox|[from] psn
|upkeep
|turn|61
|
|move|p1a: Salazzle|Flamethrower|p2a: Toxapex
|-resisted|p2a: Toxapex
|-damage|p2a: Toxapex|56/100 tox
|move|p2a: Toxapex|Scald|p1a: Salazzle
|-supereffective|p1a: Salazzle
|-damage|p1a: Salazzle|53/100
|
|-heal|p1a: Salazzle|59/100|[from] item: Black Sludge
|-heal|p2a: Toxapex|62/100 tox|[from] item: Black Sludge
|-damage|p2a: Toxapex|50/100 tox|[from] psn
|upkeep
|turn|62
|
|move|p1a: Salazzle|Flamethrower|p2a: Toxapex
|-resisted|p2a: Toxapex
|-damage|p2a: Toxapex|37/100 tox
|move|p2a: Toxapex|Recover|p2a: Toxapex
|-heal|p2a: Toxapex|87/100 tox
|
|-heal|p1a: Salazzle|65/100|[from] item: Black Sludge
|-heal|p2a: Toxapex|93/100 tox|[from] item: Black Sludge
|-damage|p2a: Toxapex|75/100 tox|[from] psn
|upkeep
|turn|63
|
|move|p1a: Salazzle|Flamethrower|p2a: Toxapex
|-resisted|p2a: Toxapex
|-damage|p2a: Toxapex|62/100 tox
|move|p2a: Toxapex|Scald|p1a: Salazzle
|-supereffective|p1a: Salazzle
|-damage|p1a: Salazzle|10/100
|
|-heal|p1a: Salazzle|16/100|[from] item: Black Sludge
|-heal|p2a: Toxapex|68/100 tox|[from] item: Black Sludge
|-damage|p2a: Toxapex|43/100 tox|[from] psn
|upkeep
|turn|64
|
|switch|p2a: Clefable|Clefable, F|30/100
|move|p1a: Salazzle|Protect||[still]
|-fail|p1a: Salazzle
|
|-heal|p1a: Salazzle|23/100|[from] item: Black Sludge
|upkeep
|turn|65
|
|switch|p1a: Dragapult|Dragapult, M|100/100
|-status|p1a: Dragapult|tox
|-damage|p1a: Dragapult|88/100 tox|[from] Stealth Rock
|switch|p2a: Toxapex|Toxapex, M|76/100 tox
|-damage|p2a: Toxapex|64/100 tox|[from] Stealth Rock
|
|-heal|p2a: Toxapex|70/100 tox|[from] item: Black Sludge
|-damage|p1a: Dragapult|82/100 tox|[from] psn
|-damage|p2a: Toxapex|64/100 tox|[from] psn
|upkeep
|turn|66
|
|move|p1a: Dragapult|Shadow Ball|p2a: Toxapex
|-damage|p2a: Toxapex|22/100 tox
|move|p2a: Toxapex|Recover|p2a: Toxapex
|-heal|p2a: Toxapex|72/100 tox
|
|-heal|p2a: Toxapex|78/100 tox|[from] item: Black Sludge
|-damage|p1a: Dragapult|70/100 tox|[from] psn
|-damage|p2a: Toxapex|66/100 tox|[from] psn
|upkeep
|turn|67
|
|move|p1a: Dragapult|Shadow Ball|p2a: Toxapex
|-damage|p2a: Toxapex|22/100 tox
|move|p2a: Toxapex|Scald|p1a: Dragapult
|-resisted|p1a: Dragapult
|-damage|p1a: Dragapult|60/100 tox
|
|-heal|p2a: Toxapex|28/100 tox|[from] item: Black Sludge
|-damage|p1a: Dragapult|42/100 tox|[from] psn
|-damage|p2a: Toxapex|10/100 tox|[from] psn
|upkeep
|turn|68
|
|move|p1a: Dragapult|Shadow Ball|p2a: Toxapex
|-damage|p2a: Toxapex|0 fnt
|faint|p2a: Toxapex
|
|-damage|p1a: Dragapult|18/100 tox|[from] psn
|upkeep
|
|switch|p2a: Clefable|Clefable, F|30/100
|turn|69
|
|move|p1a: Dragapult|Shadow Ball|p2a: Clefable
|-damage|p2a: Clefable|0 fnt
|faint|p2a: Clefable
|
|win|anhungerartists
|l|☆SingeFurieux
|raw|anhungerartists's rating: 1175 → 1202(+27 for winning)
|raw|SingeFurieux's rating: 1207 → 1180(-27 for losing)
|l|☆anhungerartists
|j|☆anhungerartists
|player|p1|anhungerartists|1
