|ScrapeTime|2020-01-01-22:37:12
|j|☆NathanEsor
|j|☆TakinRespirando
|player|p1|NathanEsor|ethan|1058
|player|p2|TakinRespirando|ethan|1027
|teamsize|p1|6
|teamsize|p2|6
|gametype|singles
|gen|8
|tier|[Gen 8] OU
|rated|
|rule|Sleep Clause Mod: Limit one foe put to sleep
|rule|Species Clause: Limit one of each Pokémon
|rule|OHKO Clause: OHKO moves are banned
|rule|Evasion Moves Clause: Evasion moves are banned
|rule|Endless Battle Clause: Forcing endless battles is banned
|rule|HP Percentage Mod: HP is shown in percentages
|clearpoke
|poke|p1|Corviknight, M|
|poke|p1|Gardevoir, F|
|poke|p1|Sawk, M|
|poke|p1|Umbreon, M|
|poke|p1|Arcanine, M|
|poke|p1|Toxtricity, F|
|poke|p2|Boltund, F|
|poke|p2|Bewear, F|
|poke|p2|Dugtrio, M|
|poke|p2|Gigalith, M|
|poke|p2|Whimsicott, F|
|poke|p2|Kingler, M|
|rule|Dynamax Clause: You cannot dynamax
|teampreview
|
|start
|switch|p1a: Hamingja|Gardevoir, F|100/100
|switch|p2a: the scarf whimsi|Whimsicott, F|100/100
|-ability|p1a: Hamingja|Prankster|[from] ability: Trace|[of] p2a: the scarf whimsi
|turn|1
|
|switch|p1a: Bragi|Toxtricity, F|100/100
|move|p2a: the scarf whimsi|Light Screen|p2a: the scarf whimsi
|-sidestart|p2: TakinRespirando|move: Light Screen
|
|upkeep
|turn|2
|
|move|p2a: the scarf whimsi|Switcheroo|p1a: Bragi
|-activate|p2a: the scarf whimsi|move: Trick|[of] p1a: Bragi
|-item|p1a: Bragi|Light Clay|[from] move: Switcheroo
|-item|p2a: the scarf whimsi|Throat Spray|[from] move: Switcheroo
|move|p1a: Bragi|Shift Gear|p1a: Bragi
|-boost|p1a: Bragi|spe|2
|-boost|p1a: Bragi|atk|1
|
|upkeep
|turn|3
|
|move|p1a: Bragi|Sludge Wave|p2a: the scarf whimsi
|-supereffective|p2a: the scarf whimsi
|-damage|p2a: the scarf whimsi|0 fnt
|faint|p2a: the scarf whimsi
|
|upkeep
|
|switch|p2a: No rim|Gigalith, M|100/100
|-weather|Sandstorm|[from] ability: Sand Stream|[of] p2a: No rim
|turn|4
|
|move|p1a: Bragi|Shift Gear|p1a: Bragi
|-boost|p1a: Bragi|spe|2
|-boost|p1a: Bragi|atk|1
|move|p2a: No rim|Stone Edge|p1a: Bragi
|-damage|p1a: Bragi|11/100
|
|-weather|Sandstorm|[upkeep]
|-damage|p1a: Bragi|5/100|[from] Sandstorm
|upkeep
|turn|5
|
|switch|p2a: 3 rola|Dugtrio, M|100/100
|move|p1a: Bragi|Sludge Wave|p2a: 3 rola
|-resisted|p2a: 3 rola
|-damage|p2a: 3 rola|77/100
|
|-weather|Sandstorm|[upkeep]
|-damage|p1a: Bragi|0 fnt|[from] Sandstorm
|faint|p1a: Bragi
|upkeep
|
|switch|p1a: Muninn|Corviknight, M|100/100
|-ability|p1a: Muninn|Pressure
|turn|6
|
|move|p2a: 3 rola|Stone Edge|p1a: Muninn
|-damage|p1a: Muninn|67/100
|-damage|p2a: 3 rola|67/100|[from] item: Life Orb
|move|p1a: Muninn|Heavy Slam|p2a: 3 rola
|-damage|p2a: 3 rola|19/100
|-heal|p1a: Muninn|70/100|[from] item: Shell Bell|[of] p2a: 3 rola
|
|-weather|Sandstorm|[upkeep]
|upkeep
|turn|7
|
|move|p2a: 3 rola|Stone Edge|p1a: Muninn
|-damage|p1a: Muninn|39/100
|-damage|p2a: 3 rola|9/100|[from] item: Life Orb
|move|p1a: Muninn|Heavy Slam|p2a: 3 rola
|-damage|p2a: 3 rola|0 fnt
|-heal|p1a: Muninn|40/100|[from] item: Shell Bell|[of] p2a: 3 rola
|faint|p2a: 3 rola
|
|-weather|Sandstorm|[upkeep]
|upkeep
|
|switch|p2a: magrelin|Boltund, F|100/100
|turn|8
|
|switch|p1a: Forseti|Arcanine, M|100/100
|-ability|p1a: Forseti|Intimidate|boost
|-unboost|p2a: magrelin|atk|1
|move|p2a: magrelin|Thunder Fang|p1a: Forseti
|-damage|p1a: Forseti|51/100
|
|-weather|none
|-sideend|p2: TakinRespirando|move: Light Screen
|upkeep
|turn|9
|
|switch|p2a: No rim|Gigalith, M|100/100
|-weather|Sandstorm|[from] ability: Sand Stream|[of] p2a: No rim
|move|p1a: Forseti|Flare Blitz|p2a: No rim
|-resisted|p2a: No rim
|-damage|p2a: No rim|77/100
|-damage|p1a: Forseti|43/100|[from] Recoil
|
|-weather|Sandstorm|[upkeep]
|-damage|p1a: Forseti|37/100|[from] Sandstorm
|-heal|p2a: No rim|84/100|[from] item: Leftovers
|upkeep
|turn|10
|
|switch|p1a: Hamingja|Gardevoir, F|100/100
|-ability|p1a: Hamingja|Sand Stream|[from] ability: Trace|[of] p2a: No rim
|move|p2a: No rim|Stone Edge|p1a: Hamingja
|-damage|p1a: Hamingja|0 fnt
|faint|p1a: Hamingja
|
|-weather|Sandstorm|[upkeep]
|-heal|p2a: No rim|90/100|[from] item: Leftovers
|upkeep
|
|switch|p1a: Muninn|Corviknight, M|40/100
|-ability|p1a: Muninn|Pressure
|turn|11
|
|move|p1a: Muninn|Heavy Slam|p2a: No rim
|-supereffective|p2a: No rim
|-damage|p2a: No rim|72/100
|-heal|p1a: Muninn|42/100|[from] item: Shell Bell|[of] p2a: No rim
|move|p2a: No rim|Stone Edge|p1a: Muninn
|-damage|p1a: Muninn|12/100
|
|-weather|Sandstorm|[upkeep]
|-heal|p2a: No rim|78/100|[from] item: Leftovers
|upkeep
|turn|12
|
|move|p1a: Muninn|Roost|p1a: Muninn
|-heal|p1a: Muninn|62/100
|-singleturn|p1a: Muninn|move: Roost
|move|p2a: No rim|Stone Edge|p1a: Muninn
|-resisted|p1a: Muninn
|-damage|p1a: Muninn|47/100
|
|-weather|Sandstorm|[upkeep]
|-heal|p2a: No rim|84/100|[from] item: Leftovers
|upkeep
|turn|13
|
|move|p1a: Muninn|Roost|p1a: Muninn
|-heal|p1a: Muninn|97/100
|-singleturn|p1a: Muninn|move: Roost
|move|p2a: No rim|Body Press|p1a: Muninn
|-supereffective|p1a: Muninn
|-damage|p1a: Muninn|62/100
|
|-weather|none
|-heal|p2a: No rim|90/100|[from] item: Leftovers
|upkeep
|turn|14
|
|switch|p1a: Adonis|Sawk, M|100/100
|move|p2a: No rim|Body Press|p1a: Adonis
|-damage|p1a: Adonis|56/100
|
|-heal|p2a: No rim|96/100|[from] item: Leftovers
|upkeep
|turn|15
|
|move|p1a: Adonis|Close Combat|p2a: No rim
|-supereffective|p2a: No rim
|-damage|p2a: No rim|0 fnt
|-unboost|p1a: Adonis|def|1
|-unboost|p1a: Adonis|spd|1
|faint|p2a: No rim
|
|upkeep
|
|switch|p2a: magrelin|Boltund, F|100/100
|turn|16
|
|move|p2a: magrelin|Thunder Fang|p1a: Adonis
|-damage|p1a: Adonis|0 fnt
|faint|p1a: Adonis
|
|upkeep
|
|switch|p1a: Forseti|Arcanine, M|37/100
|-ability|p1a: Forseti|Intimidate|boost
|-unboost|p2a: magrelin|atk|1
|turn|17
|
|move|p2a: magrelin|Thunder Fang|p1a: Forseti
|-damage|p1a: Forseti|0 fnt
|faint|p1a: Forseti
|
|upkeep
|
|switch|p1a: Pluto|Umbreon, M, shiny|100/100
|turn|18
|
|switch|p2a: cortador de pau|Kingler, M|100/100
|move|p1a: Pluto|Substitute|p1a: Pluto
|-start|p1a: Pluto|Substitute
|-damage|p1a: Pluto|76/100
|
|-heal|p1a: Pluto|82/100|[from] item: Leftovers
|upkeep
|turn|19
|
|move|p2a: cortador de pau|Crabhammer|p1a: Pluto
|-end|p1a: Pluto|Substitute
|-damage|p2a: cortador de pau|91/100|[from] item: Life Orb
|move|p1a: Pluto|Wish|p1a: Pluto
|
|-heal|p1a: Pluto|88/100|[from] item: Leftovers
|upkeep
|turn|20
|
|move|p2a: cortador de pau|X-Scissor|p1a: Pluto
|-supereffective|p1a: Pluto
|-damage|p1a: Pluto|31/100
|-damage|p2a: cortador de pau|81/100|[from] item: Life Orb
|move|p1a: Pluto|Foul Play|p2a: cortador de pau
|-damage|p2a: cortador de pau|19/100
|
|-heal|p1a: Pluto|81/100|[from] move: Wish|[wisher] Pluto
|-heal|p1a: Pluto|87/100|[from] item: Leftovers
|upkeep
|turn|21
|
|move|p2a: cortador de pau|Crabhammer|p1a: Pluto
|-damage|p1a: Pluto|32/100
|-damage|p2a: cortador de pau|9/100|[from] item: Life Orb
|move|p1a: Pluto|Foul Play|p2a: cortador de pau
|-damage|p2a: cortador de pau|0 fnt
|faint|p2a: cortador de pau
|
|-heal|p1a: Pluto|38/100|[from] item: Leftovers
|upkeep
|
|switch|p2a: fodase o nick|Bewear, F|100/100
|-ability|p2a: fodase o nick|Unnerve|p1: NathanEsor
|turn|22
|
|move|p1a: Pluto|Protect|p1a: Pluto
|-singleturn|p1a: Pluto|Protect
|move|p2a: fodase o nick|Swords Dance|p2a: fodase o nick
|-boost|p2a: fodase o nick|atk|2
|
|-heal|p1a: Pluto|44/100|[from] item: Leftovers
|upkeep
|turn|23
|
|move|p2a: fodase o nick|Swords Dance|p2a: fodase o nick
|-boost|p2a: fodase o nick|atk|2
|move|p1a: Pluto|Substitute|p1a: Pluto
|-start|p1a: Pluto|Substitute
|-damage|p1a: Pluto|20/100
|
|-heal|p1a: Pluto|26/100|[from] item: Leftovers
|upkeep
|turn|24
|
|move|p2a: fodase o nick|Swords Dance|p2a: fodase o nick
|-boost|p2a: fodase o nick|atk|2
|move|p1a: Pluto|Wish|p1a: Pluto
|
|-heal|p1a: Pluto|32/100|[from] item: Leftovers
|upkeep
|turn|25
|
|move|p1a: Pluto|Protect|p1a: Pluto
|-singleturn|p1a: Pluto|Protect
|move|p2a: fodase o nick|Reversal|p1a: Pluto
|-activate|p1a: Pluto|move: Protect
|
|-heal|p1a: Pluto|82/100|[from] move: Wish|[wisher] Pluto
|-heal|p1a: Pluto|88/100|[from] item: Leftovers
|upkeep
|turn|26
|
|move|p2a: fodase o nick|Reversal|p1a: Pluto
|-supereffective|p1a: Pluto
|-end|p1a: Pluto|Substitute
|move|p1a: Pluto|Foul Play|p2a: fodase o nick
|-resisted|p2a: fodase o nick
|-damage|p2a: fodase o nick|0 fnt
|faint|p2a: fodase o nick
|
|-heal|p1a: Pluto|94/100|[from] item: Leftovers
|upkeep
|
|switch|p2a: magrelin|Boltund, F|100/100
|turn|27
|
|move|p2a: magrelin|Thunder Fang|p1a: Pluto
|-damage|p1a: Pluto|47/100
|move|p1a: Pluto|Substitute|p1a: Pluto
|-start|p1a: Pluto|Substitute
|-damage|p1a: Pluto|22/100
|
|-heal|p1a: Pluto|28/100|[from] item: Leftovers
|upkeep
|turn|28
|
|move|p2a: magrelin|Thunder Fang|p1a: Pluto
|-end|p1a: Pluto|Substitute
|move|p1a: Pluto|Wish|p1a: Pluto
|
|-heal|p1a: Pluto|34/100|[from] item: Leftovers
|upkeep
|turn|29
|
|move|p1a: Pluto|Protect|p1a: Pluto
|-singleturn|p1a: Pluto|Protect
|move|p2a: magrelin|Thunder Fang|p1a: Pluto
|-activate|p1a: Pluto|move: Protect
|
|-heal|p1a: Pluto|84/100|[from] move: Wish|[wisher] Pluto
|-heal|p1a: Pluto|90/100|[from] item: Leftovers
|upkeep
|turn|30
|
|move|p2a: magrelin|Thunder Fang|p1a: Pluto
|-damage|p1a: Pluto|44/100
|move|p1a: Pluto|Foul Play|p2a: magrelin
|-damage|p2a: magrelin|26/100
|
|-heal|p1a: Pluto|50/100|[from] item: Leftovers
|upkeep
|turn|31
|
|move|p1a: Pluto|Protect|p1a: Pluto
|-singleturn|p1a: Pluto|Protect
|move|p2a: magrelin|Thunder Fang|p1a: Pluto
|-activate|p1a: Pluto|move: Protect
|
|-heal|p1a: Pluto|57/100|[from] item: Leftovers
|upkeep
|turn|32
|
|move|p2a: magrelin|Thunder Fang|p1a: Pluto
|-damage|p1a: Pluto|6/100
|move|p1a: Pluto|Foul Play|p2a: magrelin
|-damage|p2a: magrelin|0 fnt
|faint|p2a: magrelin
|
|win|NathanEsor
|c|☆TakinRespirando|gg
|c|☆NathanEsor|gg
|c|☆TakinRespirando|wp
|l|☆TakinRespirando
|raw|NathanEsor's rating: 1058 → 1087(+29 for winning)
|raw|TakinRespirando's rating: 1027 → 1014(-13 for losing)
