|ScrapeTime|2020-01-02-00:54:43
|j|☆CocoMangoCherry
|j|☆1guestkiller14
|player|p1|CocoMangoCherry|126|1065
|player|p2|1guestkiller14|roxanne|1063
|teamsize|p1|6
|teamsize|p2|6
|gametype|singles
|gen|8
|tier|[Gen 8] OU
|rated|
|rule|Sleep Clause Mod: Limit one foe put to sleep
|rule|Species Clause: Limit one of each Pokémon
|rule|OHKO Clause: OHKO moves are banned
|rule|Evasion Moves Clause: Evasion moves are banned
|rule|Endless Battle Clause: Forcing endless battles is banned
|rule|HP Percentage Mod: HP is shown in percentages
|clearpoke
|poke|p1|Mamoswine, F|
|poke|p1|Aegislash, F|
|poke|p1|Rotom-Heat|
|poke|p1|Seismitoad, M|
|poke|p1|Ferrothorn, F|
|poke|p1|Mandibuzz, F|
|poke|p2|Ditto|
|poke|p2|Toxapex, F|
|poke|p2|Corviknight, F|
|poke|p2|Quagsire, F|
|poke|p2|Corsola-Galar, F|
|poke|p2|Xatu, F|
|rule|Dynamax Clause: You cannot dynamax
|teampreview
|j| 2 Twenty
|inactive|Battle timer is ON: inactive players will automatically lose when time's up. (requested by 1guestkiller14)
|
|start
|switch|p1a: Mandibuzz|Mandibuzz, F|100/100
|switch|p2a: Corsola|Corsola-Galar, F|100/100
|turn|1
|
|move|p1a: Mandibuzz|Taunt|p2a: Corsola
|-start|p2a: Corsola|move: Taunt
|cant|p2a: Corsola|move: Taunt|Stealth Rock
|
|upkeep
|turn|2
|
|switch|p2a: Toxapex|Toxapex, F|100/100
|move|p1a: Mandibuzz|Foul Play|p2a: Toxapex
|-damage|p2a: Toxapex|87/100
|-damage|p1a: Mandibuzz|84/100|[from] item: Rocky Helmet|[of] p2a: Toxapex
|
|-heal|p1a: Mandibuzz|90/100|[from] item: Leftovers
|upkeep
|turn|3
|
|switch|p2a: Xatu|Xatu, F|100/100
|move|p1a: Mandibuzz|Taunt|p2a: Xatu
|move|p2a: Xatu|Taunt|p1a: Mandibuzz|[from]Magic Bounce
|-start|p1a: Mandibuzz|move: Taunt
|
|-heal|p1a: Mandibuzz|96/100|[from] item: Leftovers
|upkeep
|turn|4
|
|switch|p2a: Toxapex|Toxapex, F|100/100
|move|p1a: Mandibuzz|Foul Play|p2a: Toxapex
|-damage|p2a: Toxapex|87/100
|-damage|p1a: Mandibuzz|80/100|[from] item: Rocky Helmet|[of] p2a: Toxapex
|
|-heal|p1a: Mandibuzz|86/100|[from] item: Leftovers
|upkeep
|turn|5
|
|switch|p1a: Ferrothorn|Ferrothorn, F|100/100
|move|p2a: Toxapex|Toxic Spikes|p1a: Ferrothorn
|-sidestart|p1: CocoMangoCherry|move: Toxic Spikes
|
|upkeep
|turn|6
|
|switch|p2a: Xatu|Xatu, F|100/100
|switch|p1a: Mandibuzz|Mandibuzz, F|86/100
|
|-heal|p1a: Mandibuzz|92/100|[from] item: Leftovers
|upkeep
|turn|7
|
|switch|p2a: Corviknight|Corviknight, F|100/100
|-ability|p2a: Corviknight|Pressure
|move|p1a: Mandibuzz|Defog|p2a: Corviknight
|-unboost|p2a: Corviknight|evasion|1
|-sideend|p1: CocoMangoCherry|Toxic Spikes|[from] move: Defog|[of] p1a: Mandibuzz
|
|-heal|p1a: Mandibuzz|98/100|[from] item: Leftovers
|upkeep
|turn|8
|
|switch|p1a: Rotom|Rotom-Heat|100/100
|move|p2a: Corviknight|U-turn|p1a: Rotom
|-resisted|p1a: Rotom
|-damage|p1a: Rotom|93/100
|
|switch|p2a: Quagsire|Quagsire, F|100/100|[from]move: U-turn
|
|-heal|p1a: Rotom|99/100|[from] item: Leftovers
|upkeep
|turn|9
|
|switch|p1a: Ferrothorn|Ferrothorn, F|100/100
|move|p2a: Quagsire|Scald|p1a: Ferrothorn
|-resisted|p1a: Ferrothorn
|-damage|p1a: Ferrothorn|95/100
|
|-heal|p1a: Ferrothorn|100/100|[from] item: Leftovers
|upkeep
|turn|10
|
|switch|p2a: Xatu|Xatu, F|100/100
|switch|p1a: Rotom|Rotom-Heat|99/100
|
|-heal|p1a: Rotom|100/100|[from] item: Leftovers
|upkeep
|turn|11
|
|switch|p2a: Quagsire|Quagsire, F|100/100
|move|p1a: Rotom|Overheat|p2a: Quagsire
|-resisted|p2a: Quagsire
|-crit|p2a: Quagsire
|-damage|p2a: Quagsire|59/100
|-unboost|p1a: Rotom|spa|2
|
|-heal|p2a: Quagsire|65/100|[from] item: Leftovers
|upkeep
|turn|12
|
|switch|p1a: Ferrothorn|Ferrothorn, F|100/100
|move|p2a: Quagsire|Scald|p1a: Ferrothorn
|-resisted|p1a: Ferrothorn
|-crit|p1a: Ferrothorn
|-damage|p1a: Ferrothorn|91/100
|
|-heal|p2a: Quagsire|71/100|[from] item: Leftovers
|-heal|p1a: Ferrothorn|98/100|[from] item: Leftovers
|upkeep
|turn|13
|
|move|p2a: Quagsire|Scald|p1a: Ferrothorn
|-resisted|p1a: Ferrothorn
|-damage|p1a: Ferrothorn|92/100
|move|p1a: Ferrothorn|Power Whip|p2a: Quagsire
|-supereffective|p2a: Quagsire
|-damage|p2a: Quagsire|0 fnt
|faint|p2a: Quagsire
|
|-heal|p1a: Ferrothorn|98/100|[from] item: Leftovers
|upkeep
|
|switch|p2a: Xatu|Xatu, F|100/100
|turn|14
|c| 2 Twenty|eazy reads
|
|switch|p1a: Mandibuzz|Mandibuzz, F|98/100
|move|p2a: Xatu|Heat Wave|p1a: Mandibuzz
|-damage|p1a: Mandibuzz|62/100
|
|-heal|p1a: Mandibuzz|68/100|[from] item: Leftovers
|upkeep
|turn|15
|-message|1guestkiller14 forfeited.
|
|win|CocoMangoCherry
|l|☆1guestkiller14
|c| 2 Twenty|not 2 today
|c| 2 Twenty|yeah
|c|☆CocoMangoCherry|gg
|raw|CocoMangoCherry's rating: 1065 → 1095(+30 for winning)
|raw|1guestkiller14's rating: 1064 → 1044(-20 for losing)
