|ScrapeTime|2020-01-01-05:44:26
|j|☆rowcla
|j|☆RaichuGirl
|player|p1|rowcla|266|
|player|p2|RaichuGirl|dawn|
|teamsize|p1|6
|teamsize|p2|6
|gametype|singles
|gen|8
|tier|[Gen 8] OU
|rule|Sleep Clause Mod: Limit one foe put to sleep
|rule|Species Clause: Limit one of each Pokémon
|rule|OHKO Clause: OHKO moves are banned
|rule|Evasion Moves Clause: Evasion moves are banned
|rule|Endless Battle Clause: Forcing endless battles is banned
|rule|HP Percentage Mod: HP is shown in percentages
|clearpoke
|poke|p1|Corviknight, F|
|poke|p1|Ribombee, F|
|poke|p1|Mew|
|poke|p1|Hydreigon, F|
|poke|p1|Rotom-Wash|
|poke|p1|Toxtricity, M|
|poke|p2|Ditto|
|poke|p2|Ferrothorn, F|
|poke|p2|Polteageist|
|poke|p2|Dracozolt|
|poke|p2|Gastrodon, F|
|poke|p2|Excadrill, F|
|rule|Dynamax Clause: You cannot dynamax
|teampreview
|
|start
|switch|p1a: Hydreigon|Hydreigon, F|100/100
|switch|p2a: Ditto|Ditto|100/100
|-transform|p2a: Ditto|p1a: Hydreigon|[from] ability: Imposter
|turn|1
|
|move|p2a: Ditto|Draco Meteor|p1a: Hydreigon
|-supereffective|p1a: Hydreigon
|-damage|p1a: Hydreigon|43/100
|-unboost|p2a: Ditto|spa|2
|move|p1a: Hydreigon|U-turn|p2a: Ditto
|-supereffective|p2a: Ditto
|-damage|p2a: Ditto|66/100
|
|switch|p1a: Ribombee|Ribombee, F|100/100|[from]move: U-turn
|
|upkeep
|turn|2
|
|switch|p2a: Ferrothorn|Ferrothorn, F|100/100
|move|p1a: Ribombee|Stun Spore|p2a: Ferrothorn
|-immune|p2a: Ferrothorn
|
|upkeep
|turn|3
|
|switch|p1a: Rotom|Rotom-Wash|100/100
|move|p2a: Ferrothorn|Stealth Rock|p1a: Rotom
|-sidestart|p1: rowcla|move: Stealth Rock
|
|upkeep
|turn|4
|
|switch|p2a: Gastrodon|Gastrodon, F|100/100
|move|p1a: Rotom|Trick|p2a: Gastrodon
|-activate|p1a: Rotom|move: Trick|[of] p2a: Gastrodon
|-item|p2a: Gastrodon|Choice Scarf|[from] move: Trick
|-item|p1a: Rotom|Leftovers|[from] move: Trick
|
|upkeep
|turn|5
|
|switch|p1a: Corviknight|Corviknight, F|100/100
|-damage|p1a: Corviknight|88/100|[from] Stealth Rock
|-ability|p1a: Corviknight|Pressure
|move|p2a: Gastrodon|Scald|p1a: Corviknight
|-damage|p1a: Corviknight|62/100
|
|-heal|p1a: Corviknight|68/100|[from] item: Leftovers
|upkeep
|turn|6
|
|move|p1a: Corviknight|Defog|p2a: Gastrodon
|-unboost|p2a: Gastrodon|evasion|1
|-sideend|p1: rowcla|Stealth Rock|[from] move: Defog|[of] p1a: Corviknight
|move|p2a: Gastrodon|Scald|p1a: Corviknight
|-damage|p1a: Corviknight|44/100
|-status|p1a: Corviknight|brn
|
|-heal|p1a: Corviknight|50/100 brn|[from] item: Leftovers
|-damage|p1a: Corviknight|44/100 brn|[from] brn
|upkeep
|turn|7
|
|move|p1a: Corviknight|Roost|p1a: Corviknight
|-heal|p1a: Corviknight|94/100 brn
|-singleturn|p1a: Corviknight|move: Roost
|move|p2a: Gastrodon|Scald|p1a: Corviknight
|-damage|p1a: Corviknight|69/100 brn
|
|-heal|p1a: Corviknight|75/100 brn|[from] item: Leftovers
|-damage|p1a: Corviknight|69/100 brn|[from] brn
|upkeep
|turn|8
|
|switch|p2a: Ferrothorn|Ferrothorn, F|100/100
|move|p1a: Corviknight|U-turn|p2a: Ferrothorn
|-damage|p2a: Ferrothorn|97/100
|-damage|p1a: Corviknight|57/100 brn|[from] ability: Iron Barbs|[of] p2a: Ferrothorn
|
|switch|p1a: Mew|Mew|100/100|[from]move: U-turn
|
|-heal|p2a: Ferrothorn|100/100|[from] item: Leftovers
|upkeep
|turn|9
|
|move|p1a: Mew|Flare Blitz|p2a: Ferrothorn
|-supereffective|p2a: Ferrothorn
|-damage|p2a: Ferrothorn|0 fnt
|-damage|p1a: Mew|88/100|[from] ability: Iron Barbs|[of] p2a: Ferrothorn
|-damage|p1a: Mew|54/100|[from] Recoil
|faint|p2a: Ferrothorn
|
|upkeep
|
|switch|p2a: Polteageist|Polteageist|100/100
|turn|10
|
|move|p1a: Mew|Flare Blitz|p2a: Polteageist
|-enditem|p2a: Polteageist|Focus Sash
|-damage|p2a: Polteageist|1/100
|-ability|p2a: Polteageist|Weak Armor|boost
|-unboost|p2a: Polteageist|def|1
|-boost|p2a: Polteageist|spe|2
|-damage|p1a: Mew|29/100|[from] Recoil
|move|p2a: Polteageist|Shadow Ball|p1a: Mew
|-supereffective|p1a: Mew
|-damage|p1a: Mew|0 fnt
|faint|p1a: Mew
|
|upkeep
|
|switch|p1a: Hydreigon|Hydreigon, F|43/100
|turn|11
|
|switch|p2a: Ditto|Ditto|66/100
|-transform|p2a: Ditto|p1a: Hydreigon|[from] ability: Imposter
|move|p1a: Hydreigon|U-turn|p2a: Ditto
|-supereffective|p2a: Ditto
|-damage|p2a: Ditto|29/100
|
|switch|p1a: Ribombee|Ribombee, F|100/100|[from]move: U-turn
|
|upkeep
|turn|12
|
|move|p2a: Ditto|U-turn|p1a: Ribombee
|-resisted|p1a: Ribombee
|-damage|p1a: Ribombee|87/100
|
|switch|p2a: Excadrill|Excadrill, F|100/100|[from]move: U-turn
|-ability|p2a: Excadrill|Mold Breaker
|move|p1a: Ribombee|Moonblast|p2a: Excadrill
|-resisted|p2a: Excadrill
|-damage|p2a: Excadrill|71/100
|
|upkeep
|turn|13
|
|switch|p1a: Corviknight|Corviknight, F|57/100 brn
|-ability|p1a: Corviknight|Pressure
|move|p2a: Excadrill|Earthquake|p1a: Corviknight
|-immune|p1a: Corviknight
|
|-heal|p1a: Corviknight|63/100 brn|[from] item: Leftovers
|-damage|p1a: Corviknight|57/100 brn|[from] brn
|upkeep
|turn|14
|
|switch|p2a: Ditto|Ditto|29/100
|-transform|p2a: Ditto|p1a: Corviknight|[from] ability: Imposter
|-ability|p2a: Ditto|Pressure
|move|p1a: Corviknight|U-turn|p2a: Ditto
|-resisted|p2a: Ditto
|-damage|p2a: Ditto|27/100
|
|switch|p1a: Toxtricity|Toxtricity, M|100/100|[from]move: U-turn
|
|upkeep
|turn|15
|
|move|p2a: Ditto|Roost|p2a: Ditto
|-heal|p2a: Ditto|77/100
|-singleturn|p2a: Ditto|move: Roost
|move|p1a: Toxtricity|Boomburst|p2a: Ditto
|-resisted|p2a: Ditto
|-damage|p2a: Ditto|17/100
|
|upkeep
|turn|16
|
|move|p2a: Ditto|Roost|p2a: Ditto
|-heal|p2a: Ditto|67/100
|-singleturn|p2a: Ditto|move: Roost
|move|p1a: Toxtricity|Boomburst|p2a: Ditto
|-resisted|p2a: Ditto
|-damage|p2a: Ditto|4/100
|
|upkeep
|turn|17
|
|switch|p2a: Polteageist|Polteageist|1/100
|switch|p1a: Rotom|Rotom-Wash|100/100
|
|upkeep
|turn|18
|
|switch|p2a: Gastrodon|Gastrodon, F|100/100
|move|p1a: Rotom|Volt Switch|p2a: Gastrodon
|-immune|p2a: Gastrodon
|
|upkeep
|turn|19
|
|switch|p1a: Corviknight|Corviknight, F|57/100 brn
|-ability|p1a: Corviknight|Pressure
|move|p2a: Gastrodon|Scald|p1a: Corviknight
|-damage|p1a: Corviknight|30/100 brn
|
|-heal|p1a: Corviknight|36/100 brn|[from] item: Leftovers
|-damage|p1a: Corviknight|30/100 brn|[from] brn
|upkeep
|turn|20
|
|move|p1a: Corviknight|Roost|p1a: Corviknight
|-heal|p1a: Corviknight|80/100 brn
|-singleturn|p1a: Corviknight|move: Roost
|move|p2a: Gastrodon|Scald|p1a: Corviknight
|-damage|p1a: Corviknight|55/100 brn
|
|-heal|p1a: Corviknight|61/100 brn|[from] item: Leftovers
|-damage|p1a: Corviknight|55/100 brn|[from] brn
|upkeep
|turn|21
|
|switch|p2a: Excadrill|Excadrill, F|71/100
|-ability|p2a: Excadrill|Mold Breaker
|move|p1a: Corviknight|Roost|p1a: Corviknight
|-heal|p1a: Corviknight|100/100 brn
|-singleturn|p1a: Corviknight|move: Roost
|
|-damage|p1a: Corviknight|94/100 brn|[from] brn
|upkeep
|turn|22
|
|move|p2a: Excadrill|Brick Break|p1a: Corviknight
|-damage|p1a: Corviknight|78/100 brn
|move|p1a: Corviknight|U-turn|p2a: Excadrill
|-resisted|p2a: Excadrill
|-damage|p2a: Excadrill|66/100
|
|switch|p1a: Ribombee|Ribombee, F|87/100|[from]move: U-turn
|
|upkeep
|turn|23
|
|move|p1a: Ribombee|Stun Spore|p2a: Excadrill|[miss]
|-miss|p1a: Ribombee|p2a: Excadrill
|move|p2a: Excadrill|Iron Head|p1a: Ribombee
|-supereffective|p1a: Ribombee
|-damage|p1a: Ribombee|0 fnt
|faint|p1a: Ribombee
|
|upkeep
|
|switch|p1a: Rotom|Rotom-Wash|100/100
|turn|24
|
|switch|p1a: Toxtricity|Toxtricity, M|100/100
|switch|p2a: Gastrodon|Gastrodon, F|100/100
|
|upkeep
|turn|25
|
|move|p1a: Toxtricity|Sludge Wave|p2a: Gastrodon
|-resisted|p2a: Gastrodon
|-damage|p2a: Gastrodon|77/100
|move|p2a: Gastrodon|Earth Power|p1a: Toxtricity
|-supereffective|p1a: Toxtricity
|-damage|p1a: Toxtricity|0 fnt
|faint|p1a: Toxtricity
|
|upkeep
|
|switch|p1a: Hydreigon|Hydreigon, F|43/100
|turn|26
|
|switch|p2a: Polteageist|Polteageist|1/100
|move|p1a: Hydreigon|Dark Pulse|p2a: Polteageist
|-supereffective|p2a: Polteageist
|-crit|p2a: Polteageist
|-damage|p2a: Polteageist|0 fnt
|faint|p2a: Polteageist
|
|upkeep
|
|switch|p2a: Ditto|Ditto|4/100
|-transform|p2a: Ditto|p1a: Hydreigon|[from] ability: Imposter
|turn|27
|
|switch|p1a: Corviknight|Corviknight, F|78/100 brn
|-ability|p1a: Corviknight|Pressure
|move|p2a: Ditto|U-turn|p1a: Corviknight
|-resisted|p1a: Corviknight
|-damage|p1a: Corviknight|76/100 brn
|
|switch|p2a: Dracozolt|Dracozolt|100/100|[from]move: U-turn
|
|-heal|p1a: Corviknight|82/100 brn|[from] item: Leftovers
|-damage|p1a: Corviknight|76/100 brn|[from] brn
|upkeep
|turn|28
|
|switch|p1a: Rotom|Rotom-Wash|100/100
|move|p2a: Dracozolt|Substitute|p2a: Dracozolt
|-start|p2a: Dracozolt|Substitute
|-damage|p2a: Dracozolt|76/100
|
|-heal|p2a: Dracozolt|82/100|[from] item: Leftovers
|upkeep
|turn|29
|
|move|p1a: Rotom|Hydro Pump|p2a: Dracozolt
|-resisted|p2a: Dracozolt
|-crit|p2a: Dracozolt
|-end|p2a: Dracozolt|Substitute
|move|p2a: Dracozolt|Bolt Beak|p1a: Rotom
|-damage|p1a: Rotom|33/100
|
|-heal|p1a: Rotom|39/100|[from] item: Leftovers
|-heal|p2a: Dracozolt|88/100|[from] item: Leftovers
|upkeep
|turn|30
|
|move|p1a: Rotom|Hydro Pump|p2a: Dracozolt|[miss]
|-miss|p1a: Rotom|p2a: Dracozolt
|move|p2a: Dracozolt|Bolt Beak|p1a: Rotom
|-damage|p1a: Rotom|0 fnt
|faint|p1a: Rotom
|
|-heal|p2a: Dracozolt|94/100|[from] item: Leftovers
|upkeep
|
|switch|p1a: Hydreigon|Hydreigon, F|43/100
|turn|31
|
|switch|p2a: Gastrodon|Gastrodon, F|77/100
|move|p1a: Hydreigon|Draco Meteor|p2a: Gastrodon
|-damage|p2a: Gastrodon|43/100
|-unboost|p1a: Hydreigon|spa|2
|
|upkeep
|turn|32
|
|move|p1a: Hydreigon|U-turn|p2a: Gastrodon
|-damage|p2a: Gastrodon|27/100
|
|switch|p1a: Corviknight|Corviknight, F|76/100 brn|[from]move: U-turn
|-ability|p1a: Corviknight|Pressure
|move|p2a: Gastrodon|Scald|p1a: Corviknight
|-damage|p1a: Corviknight|52/100 brn
|
|-heal|p1a: Corviknight|58/100 brn|[from] item: Leftovers
|-damage|p1a: Corviknight|52/100 brn|[from] brn
|upkeep
|turn|33
|l|☆RaichuGirl
|player|p2|
|j|☆RaichuGirl
|player|p2|RaichuGirl|dawn
|
|switch|p2a: Excadrill|Excadrill, F|66/100
|-ability|p2a: Excadrill|Mold Breaker
|move|p1a: Corviknight|U-turn|p2a: Excadrill
|-resisted|p2a: Excadrill
|-damage|p2a: Excadrill|61/100
|
|switch|p1a: Hydreigon|Hydreigon, F|43/100|[from]move: U-turn
|
|upkeep
|turn|34
|
|move|p1a: Hydreigon|Dark Pulse|p2a: Excadrill
|-damage|p2a: Excadrill|17/100
|move|p2a: Excadrill|Earthquake|p1a: Hydreigon
|-damage|p1a: Hydreigon|0 fnt
|faint|p1a: Hydreigon
|
|upkeep
|
|switch|p1a: Corviknight|Corviknight, F|52/100 brn
|-ability|p1a: Corviknight|Pressure
|turn|35
|
|move|p2a: Excadrill|Brick Break|p1a: Corviknight
|-damage|p1a: Corviknight|33/100 brn
|move|p1a: Corviknight|Brave Bird|p2a: Excadrill
|-resisted|p2a: Excadrill
|-damage|p2a: Excadrill|4/100
|-damage|p1a: Corviknight|29/100 brn|[from] Recoil
|
|-heal|p1a: Corviknight|36/100 brn|[from] item: Leftovers
|-damage|p1a: Corviknight|29/100 brn|[from] brn
|upkeep
|turn|36
|
|move|p2a: Excadrill|Brick Break|p1a: Corviknight
|-damage|p1a: Corviknight|12/100 brn
|move|p1a: Corviknight|Brave Bird|p2a: Excadrill
|-resisted|p2a: Excadrill
|-damage|p2a: Excadrill|0 fnt
|-damage|p1a: Corviknight|11/100 brn|[from] Recoil
|faint|p2a: Excadrill
|
|-heal|p1a: Corviknight|17/100 brn|[from] item: Leftovers
|-damage|p1a: Corviknight|11/100 brn|[from] brn
|upkeep
|
|switch|p2a: Dracozolt|Dracozolt|94/100
|turn|37
|
|move|p2a: Dracozolt|Substitute|p2a: Dracozolt
|-start|p2a: Dracozolt|Substitute
|-damage|p2a: Dracozolt|69/100
|move|p1a: Corviknight|Brave Bird|p2a: Dracozolt
|-resisted|p2a: Dracozolt
|-activate|p2a: Dracozolt|move: Substitute|[damage]
|-damage|p1a: Corviknight|8/100 brn|[from] Recoil|[of] p2a: Dracozolt
|
|-heal|p2a: Dracozolt|76/100|[from] item: Leftovers
|-heal|p1a: Corviknight|15/100 brn|[from] item: Leftovers
|-damage|p1a: Corviknight|8/100 brn|[from] brn
|upkeep
|turn|38
|c|☆rowcla|won't even let me kill myself quickly X<
|
|move|p2a: Dracozolt|Bolt Beak|p1a: Corviknight
|-supereffective|p1a: Corviknight
|-damage|p1a: Corviknight|0 fnt
|faint|p1a: Corviknight
|
|win|RaichuGirl
|c|☆RaichuGirl|haha sorry
|c|☆RaichuGirl|gg
