|ScrapeTime|2020-01-02-10:56:04
|j|☆Aquadragon 1108
|j|☆Tripledeluxer
|player|p1|Aquadragon 1108|169|1195
|player|p2|Tripledeluxer|99|1177
|teamsize|p1|6
|teamsize|p2|6
|gametype|singles
|gen|8
|tier|[Gen 8] OU
|rated|
|rule|Sleep Clause Mod: Limit one foe put to sleep
|rule|Species Clause: Limit one of each Pokémon
|rule|OHKO Clause: OHKO moves are banned
|rule|Evasion Moves Clause: Evasion moves are banned
|rule|Endless Battle Clause: Forcing endless battles is banned
|rule|HP Percentage Mod: HP is shown in percentages
|clearpoke
|poke|p1|Excadrill, F|
|poke|p1|Tyranitar, F|
|poke|p1|Corviknight, F|
|poke|p1|Dragapult, M|
|poke|p1|Toxapex, M|
|poke|p1|Rotom-Heat|
|poke|p2|Seismitoad, M|
|poke|p2|Grimmsnarl, M|
|poke|p2|Alcremie-Mint, F|
|poke|p2|Dragapult, F|
|poke|p2|Cinderace, F|
|poke|p2|Corviknight, F|
|rule|Dynamax Clause: You cannot dynamax
|teampreview
|
|start
|switch|p1a: Tyranitar|Tyranitar, F|100/100
|switch|p2a: Grimmsnarl|Grimmsnarl, M|100/100
|-weather|Sandstorm|[from] ability: Sand Stream|[of] p1a: Tyranitar
|turn|1
|
|move|p2a: Grimmsnarl|Reflect|p2a: Grimmsnarl
|-sidestart|p2: Tripledeluxer|Reflect
|move|p1a: Tyranitar|Stone Edge|p2a: Grimmsnarl
|-damage|p2a: Grimmsnarl|56/100
|-damage|p1a: Tyranitar|91/100|[from] item: Life Orb
|
|-weather|Sandstorm|[upkeep]
|-damage|p2a: Grimmsnarl|50/100|[from] Sandstorm
|upkeep
|turn|2
|
|switch|p2a: Seismitoad|Seismitoad, M|100/100
|move|p1a: Tyranitar|Stealth Rock|p2a: Seismitoad
|-sidestart|p2: Tripledeluxer|move: Stealth Rock
|
|-weather|Sandstorm|[upkeep]
|upkeep
|turn|3
|
|switch|p1a: Corviknight|Corviknight, F|100/100
|-ability|p1a: Corviknight|Pressure
|move|p2a: Seismitoad|Stealth Rock|p1a: Corviknight
|-sidestart|p1: Aquadragon 1108|move: Stealth Rock
|
|-weather|Sandstorm|[upkeep]
|upkeep
|turn|4
|
|move|p2a: Seismitoad|Scald|p1a: Corviknight
|-damage|p1a: Corviknight|84/100
|move|p1a: Corviknight|Iron Head|p2a: Seismitoad
|-resisted|p2a: Seismitoad
|-damage|p2a: Seismitoad|97/100
|
|-weather|Sandstorm|[upkeep]
|-heal|p2a: Seismitoad|100/100|[from] item: Leftovers
|-heal|p1a: Corviknight|91/100|[from] item: Leftovers
|upkeep
|turn|5
|
|switch|p2a: Cinderace|Cinderace, F|100/100
|move|p1a: Corviknight|Defog|p2a: Cinderace
|-unboost|p2a: Cinderace|evasion|1
|-sideend|p2: Tripledeluxer|Reflect
|-sideend|p2: Tripledeluxer|Stealth Rock|[from] move: Defog|[of] p1a: Corviknight
|-sideend|p1: Aquadragon 1108|Stealth Rock|[from] move: Defog|[of] p1a: Corviknight
|
|-weather|none
|-heal|p1a: Corviknight|97/100|[from] item: Leftovers
|upkeep
|turn|6
|
|switch|p1a: Tyranitar|Tyranitar, F|91/100
|-weather|Sandstorm|[from] ability: Sand Stream|[of] p1a: Tyranitar
|move|p2a: Cinderace|U-turn|p1a: Tyranitar
|-supereffective|p1a: Tyranitar
|-crit|p1a: Tyranitar
|-damage|p1a: Tyranitar|25/100
|
|switch|p2a: Seismitoad|Seismitoad, M|100/100|[from]move: U-turn
|
|-weather|Sandstorm|[upkeep]
|upkeep
|turn|7
|
|switch|p1a: Corviknight|Corviknight, F|97/100
|-ability|p1a: Corviknight|Pressure
|move|p2a: Seismitoad|Scald|p1a: Corviknight
|-damage|p1a: Corviknight|80/100
|
|-weather|Sandstorm|[upkeep]
|-heal|p1a: Corviknight|86/100|[from] item: Leftovers
|upkeep
|turn|8
|
|move|p2a: Seismitoad|Stealth Rock|p1a: Corviknight
|-sidestart|p1: Aquadragon 1108|move: Stealth Rock
|move|p1a: Corviknight|Brave Bird|p2a: Seismitoad
|-damage|p2a: Seismitoad|74/100
|-damage|p1a: Corviknight|77/100|[from] Recoil
|
|-weather|Sandstorm|[upkeep]
|-heal|p2a: Seismitoad|80/100|[from] item: Leftovers
|-heal|p1a: Corviknight|84/100|[from] item: Leftovers
|upkeep
|turn|9
|
|switch|p1a: Rotom|Rotom-Heat|100/100
|move|p2a: Seismitoad|Scald|p1a: Rotom
|-supereffective|p1a: Rotom
|-damage|p1a: Rotom|45/100
|
|-weather|Sandstorm|[upkeep]
|-damage|p1a: Rotom|38/100|[from] Sandstorm
|-heal|p2a: Seismitoad|86/100|[from] item: Leftovers
|upkeep
|turn|10
|
|switch|p1a: Corviknight|Corviknight, F|84/100
|-damage|p1a: Corviknight|71/100|[from] Stealth Rock
|-ability|p1a: Corviknight|Pressure
|switch|p2a: Cinderace|Cinderace, F|100/100
|
|-weather|none
|-heal|p1a: Corviknight|77/100|[from] item: Leftovers
|upkeep
|turn|11
|
|move|p2a: Cinderace|Pyro Ball|p1a: Corviknight
|-supereffective|p1a: Corviknight
|-damage|p1a: Corviknight|0 fnt
|faint|p1a: Corviknight
|
|upkeep
|
|switch|p1a: Toxapex|Toxapex, M|100/100
|-damage|p1a: Toxapex|88/100|[from] Stealth Rock
|turn|12
|
|move|p2a: Cinderace|U-turn|p1a: Toxapex
|-resisted|p1a: Toxapex
|-damage|p1a: Toxapex|81/100
|
|switch|p2a: Corviknight|Corviknight, F|100/100|[from]move: U-turn
|-ability|p2a: Corviknight|Pressure
|move|p1a: Toxapex|Toxic|p2a: Corviknight
|-immune|p2a: Corviknight
|
|-heal|p1a: Toxapex|87/100|[from] item: Black Sludge
|upkeep
|turn|13
|
|move|p2a: Corviknight|Substitute|p2a: Corviknight
|-start|p2a: Corviknight|Substitute
|-damage|p2a: Corviknight|76/100
|move|p1a: Toxapex|Scald|p2a: Corviknight
|-activate|p2a: Corviknight|move: Substitute|[damage]
|
|-heal|p2a: Corviknight|82/100|[from] item: Leftovers
|-heal|p1a: Toxapex|93/100|[from] item: Black Sludge
|upkeep
|turn|14
|
|switch|p1a: Rotom|Rotom-Heat|38/100
|move|p2a: Corviknight|Brave Bird|p1a: Rotom
|-resisted|p1a: Rotom
|-damage|p1a: Rotom|19/100
|-damage|p2a: Corviknight|77/100|[from] Recoil
|
|-heal|p2a: Corviknight|83/100|[from] item: Leftovers
|upkeep
|turn|15
|
|move|p1a: Rotom|Volt Switch|p2a: Corviknight
|-supereffective|p2a: Corviknight
|-end|p2a: Corviknight|Substitute
|
|switch|p1a: Tyranitar|Tyranitar, F|25/100|[from]move: Volt Switch
|-damage|p1a: Tyranitar|13/100|[from] Stealth Rock
|-weather|Sandstorm|[from] ability: Sand Stream|[of] p1a: Tyranitar
|move|p2a: Corviknight|Brave Bird|p1a: Tyranitar
|-resisted|p1a: Tyranitar
|-damage|p1a: Tyranitar|0 fnt
|-damage|p2a: Corviknight|79/100|[from] Recoil
|faint|p1a: Tyranitar
|
|-weather|Sandstorm|[upkeep]
|-heal|p2a: Corviknight|85/100|[from] item: Leftovers
|upkeep
|
|switch|p1a: Rotom|Rotom-Heat|19/100
|turn|16
|
|switch|p2a: Seismitoad|Seismitoad, M|86/100
|move|p1a: Rotom|Overheat|p2a: Seismitoad|[miss]
|-miss|p1a: Rotom|p2a: Seismitoad
|
|-weather|Sandstorm|[upkeep]
|-damage|p1a: Rotom|12/100|[from] Sandstorm
|-heal|p2a: Seismitoad|93/100|[from] item: Leftovers
|upkeep
|turn|17
|
|switch|p1a: Dragapult|Dragapult, M|100/100
|-damage|p1a: Dragapult|88/100|[from] Stealth Rock
|move|p2a: Seismitoad|Scald|p1a: Dragapult
|-resisted|p1a: Dragapult
|-damage|p1a: Dragapult|73/100
|
|-weather|Sandstorm|[upkeep]
|-damage|p1a: Dragapult|67/100|[from] Sandstorm
|-heal|p2a: Seismitoad|99/100|[from] item: Leftovers
|upkeep
|turn|18
|
|switch|p2a: Grimmsnarl|Grimmsnarl, M|50/100
|move|p1a: Dragapult|Phantom Force||[still]
|-prepare|p1a: Dragapult|Phantom Force|p2a: Grimmsnarl
|-enditem|p1a: Dragapult|Power Herb
|-anim|p1a: Dragapult|Phantom Force|p2a: Grimmsnarl
|-resisted|p2a: Grimmsnarl
|-damage|p2a: Grimmsnarl|24/100
|
|-weather|Sandstorm|[upkeep]
|-damage|p1a: Dragapult|61/100|[from] Sandstorm
|-damage|p2a: Grimmsnarl|18/100|[from] Sandstorm
|upkeep
|turn|19
|
|move|p2a: Grimmsnarl|Thunder Wave|p1a: Dragapult
|-status|p1a: Dragapult|par
|cant|p1a: Dragapult|par
|
|-weather|none
|upkeep
|turn|20
|
|switch|p2a: Cinderace|Cinderace, F|100/100
|cant|p1a: Dragapult|par
|
|upkeep
|turn|21
|c|☆Tripledeluxer|Oof srry
|
|switch|p1a: Toxapex|Toxapex, M|100/100
|-damage|p1a: Toxapex|88/100|[from] Stealth Rock
|move|p2a: Cinderace|Sucker Punch||[still]
|-fail|p2a: Cinderace
|
|-heal|p1a: Toxapex|94/100|[from] item: Black Sludge
|upkeep
|turn|22
|
|move|p2a: Cinderace|U-turn|p1a: Toxapex
|-resisted|p1a: Toxapex
|-damage|p1a: Toxapex|86/100
|
|switch|p2a: Seismitoad|Seismitoad, M|99/100|[from]move: U-turn
|move|p1a: Toxapex|Scald|p2a: Seismitoad
|-heal|p2a: Seismitoad|100/100|[from] ability: Water Absorb|[of] p1a: Toxapex
|
|-heal|p1a: Toxapex|93/100|[from] item: Black Sludge
|upkeep
|turn|23
|
|switch|p2a: Corviknight|Corviknight, F|85/100
|-ability|p2a: Corviknight|Pressure
|move|p1a: Toxapex|Toxic|p2a: Corviknight
|-immune|p2a: Corviknight
|
|-heal|p2a: Corviknight|91/100|[from] item: Leftovers
|-heal|p1a: Toxapex|99/100|[from] item: Black Sludge
|upkeep
|turn|24
|
|move|p2a: Corviknight|Substitute|p2a: Corviknight
|-start|p2a: Corviknight|Substitute
|-damage|p2a: Corviknight|66/100
|move|p1a: Toxapex|Scald|p2a: Corviknight
|-activate|p2a: Corviknight|move: Substitute|[damage]
|
|-heal|p2a: Corviknight|72/100|[from] item: Leftovers
|-heal|p1a: Toxapex|100/100|[from] item: Black Sludge
|upkeep
|turn|25
|
|move|p2a: Corviknight|Bulk Up|p2a: Corviknight
|-boost|p2a: Corviknight|atk|1
|-boost|p2a: Corviknight|def|1
|move|p1a: Toxapex|Scald|p2a: Corviknight
|-activate|p2a: Corviknight|move: Substitute|[damage]
|
|-heal|p2a: Corviknight|78/100|[from] item: Leftovers
|upkeep
|turn|26
|
|move|p2a: Corviknight|Bulk Up|p2a: Corviknight
|-boost|p2a: Corviknight|atk|1
|-boost|p2a: Corviknight|def|1
|move|p1a: Toxapex|Scald|p2a: Corviknight
|-end|p2a: Corviknight|Substitute
|
|-heal|p2a: Corviknight|84/100|[from] item: Leftovers
|upkeep
|turn|27
|
|move|p2a: Corviknight|Substitute|p2a: Corviknight
|-start|p2a: Corviknight|Substitute
|-damage|p2a: Corviknight|60/100
|move|p1a: Toxapex|Haze|p1a: Toxapex
|-clearallboost
|
|-heal|p2a: Corviknight|66/100|[from] item: Leftovers
|upkeep
|turn|28
|
|move|p2a: Corviknight|Roost|p2a: Corviknight
|-heal|p2a: Corviknight|100/100
|-singleturn|p2a: Corviknight|move: Roost
|move|p1a: Toxapex|Scald|p2a: Corviknight
|-activate|p2a: Corviknight|move: Substitute|[damage]
|
|upkeep
|turn|29
|
|switch|p1a: Rotom|Rotom-Heat|12/100
|move|p2a: Corviknight|Bulk Up|p2a: Corviknight
|-boost|p2a: Corviknight|atk|1
|-boost|p2a: Corviknight|def|1
|
|upkeep
|turn|30
|
|move|p1a: Rotom|Volt Switch|p2a: Corviknight
|-supereffective|p2a: Corviknight
|-end|p2a: Corviknight|Substitute
|
|switch|p1a: Dragapult|Dragapult, M|61/100 par|[from]move: Volt Switch
|-damage|p1a: Dragapult|48/100 par|[from] Stealth Rock
|move|p2a: Corviknight|Brave Bird|p1a: Dragapult
|-damage|p1a: Dragapult|0 fnt
|-damage|p2a: Corviknight|88/100|[from] Recoil
|faint|p1a: Dragapult
|
|-heal|p2a: Corviknight|94/100|[from] item: Leftovers
|upkeep
|
|switch|p1a: Excadrill|Excadrill, F|100/100
|-damage|p1a: Excadrill|97/100|[from] Stealth Rock
|turn|31
|
|switch|p2a: Dragapult|Dragapult, F|100/100
|move|p1a: Excadrill|Iron Head|p2a: Dragapult
|-damage|p2a: Dragapult|21/100
|-damage|p1a: Excadrill|87/100|[from] item: Life Orb
|
|upkeep
|turn|32
|
|switch|p1a: Toxapex|Toxapex, M|100/100
|-damage|p1a: Toxapex|88/100|[from] Stealth Rock
|move|p2a: Dragapult|Shadow Ball|p1a: Toxapex
|-damage|p1a: Toxapex|50/100
|
|-heal|p1a: Toxapex|56/100|[from] item: Black Sludge
|upkeep
|turn|33
|
|move|p2a: Dragapult|Shadow Ball|p1a: Toxapex
|-damage|p1a: Toxapex|15/100
|move|p1a: Toxapex|Toxic|p2a: Dragapult
|-status|p2a: Dragapult|tox
|
|-heal|p1a: Toxapex|21/100|[from] item: Black Sludge
|-damage|p2a: Dragapult|15/100 tox|[from] psn
|upkeep
|turn|34
|
|switch|p1a: Excadrill|Excadrill, F|87/100
|-damage|p1a: Excadrill|84/100|[from] Stealth Rock
|move|p2a: Dragapult|Shadow Ball|p1a: Excadrill
|-damage|p1a: Excadrill|16/100
|
|-damage|p2a: Dragapult|3/100 tox|[from] psn
|upkeep
|turn|35
|
|switch|p2a: Seismitoad|Seismitoad, M|100/100
|move|p1a: Excadrill|Iron Head|p2a: Seismitoad
|-resisted|p2a: Seismitoad
|-damage|p2a: Seismitoad|81/100
|-damage|p1a: Excadrill|6/100|[from] item: Life Orb
|
|-heal|p2a: Seismitoad|87/100|[from] item: Leftovers
|upkeep
|turn|36
|
|move|p1a: Excadrill|Earthquake|p2a: Seismitoad
|-damage|p2a: Seismitoad|34/100
|-damage|p1a: Excadrill|0 fnt|[from] item: Life Orb
|faint|p1a: Excadrill
|move|p2a: Seismitoad|Scald|p1: Excadrill|[notarget]
|-fail|p2a: Seismitoad
|
|-heal|p2a: Seismitoad|40/100|[from] item: Leftovers
|upkeep
|
|switch|p1a: Rotom|Rotom-Heat|12/100
|turn|37
|
|move|p1a: Rotom|Overheat|p2a: Seismitoad
|-resisted|p2a: Seismitoad
|-damage|p2a: Seismitoad|15/100
|-unboost|p1a: Rotom|spa|2
|move|p2a: Seismitoad|Scald|p1a: Rotom
|-supereffective|p1a: Rotom
|-damage|p1a: Rotom|0 fnt
|faint|p1a: Rotom
|
|-heal|p2a: Seismitoad|22/100|[from] item: Leftovers
|upkeep
|
|switch|p1a: Toxapex|Toxapex, M|54/100
|-damage|p1a: Toxapex|42/100|[from] Stealth Rock
|turn|38
|
|switch|p2a: Corviknight|Corviknight, F|94/100
|-ability|p2a: Corviknight|Pressure
|move|p1a: Toxapex|Toxic|p2a: Corviknight
|-immune|p2a: Corviknight
|
|-heal|p2a: Corviknight|99/100|[from] item: Leftovers
|-heal|p1a: Toxapex|48/100|[from] item: Black Sludge
|upkeep
|turn|39
|c|☆Aquadragon 1108|Gg
|c|☆Tripledeluxer|Yea gg
|c|☆Tripledeluxer|Cool team
|
|move|p2a: Corviknight|Substitute|p2a: Corviknight
|-start|p2a: Corviknight|Substitute
|-damage|p2a: Corviknight|75/100
|move|p1a: Toxapex|Scald|p2a: Corviknight
|-crit|p2a: Corviknight
|-activate|p2a: Corviknight|move: Substitute|[damage]
|
|-heal|p2a: Corviknight|81/100|[from] item: Leftovers
|-heal|p1a: Toxapex|54/100|[from] item: Black Sludge
|upkeep
|turn|40
|-message|Aquadragon 1108 forfeited.
|
|win|Tripledeluxer
|c|☆Tripledeluxer|Love rotom heat pex
|l|☆Aquadragon 1108
|raw|Aquadragon 1108's rating: 1195 → 1169(-26 for losing)
|raw|Tripledeluxer's rating: 1178 → 1204(+26 for winning)
