|ScrapeTime|2020-01-01-18:44:50
|j|☆Zololl
|j|☆Wrekhell
|player|p1|Zololl|pokemonranger-gen4|1165
|player|p2|Wrekhell|170|1114
|teamsize|p1|6
|teamsize|p2|6
|gametype|singles
|gen|8
|tier|[Gen 8] OU
|rated|
|rule|Sleep Clause Mod: Limit one foe put to sleep
|rule|Species Clause: Limit one of each Pokémon
|rule|OHKO Clause: OHKO moves are banned
|rule|Evasion Moves Clause: Evasion moves are banned
|rule|Endless Battle Clause: Forcing endless battles is banned
|rule|HP Percentage Mod: HP is shown in percentages
|clearpoke
|poke|p1|Togekiss, F|
|poke|p1|Excadrill, M|
|poke|p1|Rotom-Wash|
|poke|p1|Hydreigon, M|
|poke|p1|Quagsire, F|
|poke|p1|Grimmsnarl, M|
|poke|p2|Conkeldurr, M|
|poke|p2|Crawdaunt, M|
|poke|p2|Galvantula, M|
|poke|p2|Excadrill, F|
|poke|p2|Dragapult, M|
|poke|p2|Rotom-Heat|
|rule|Dynamax Clause: You cannot dynamax
|teampreview
|inactive|Battle timer is ON: inactive players will automatically lose when time's up. (requested by Zololl)
|
|start
|switch|p1a: Grimmsnarl|Grimmsnarl, M|100/100
|switch|p2a: Galvantula|Galvantula, M|100/100
|turn|1
|
|move|p1a: Grimmsnarl|Taunt|p2a: Galvantula
|-start|p2a: Galvantula|move: Taunt
|cant|p2a: Galvantula|move: Taunt|Sticky Web
|
|upkeep
|turn|2
|
|switch|p1a: Animak|Excadrill, M|100/100
|-ability|p1a: Animak|Mold Breaker
|move|p2a: Galvantula|Thunder|p1a: Animak
|-immune|p1a: Animak
|
|upkeep
|turn|3
|
|move|p2a: Galvantula|Bug Buzz|p1a: Animak
|-resisted|p1a: Animak
|-damage|p1a: Animak|75/100
|move|p1a: Animak|Stealth Rock|p2a: Galvantula
|-sidestart|p2: Wrekhell|move: Stealth Rock
|
|-end|p2a: Galvantula|move: Taunt
|upkeep
|turn|4
|
|move|p2a: Galvantula|Sticky Web|p1a: Animak
|-sidestart|p1: Zololl|move: Sticky Web
|move|p1a: Animak|Rapid Spin|p2a: Galvantula
|-damage|p2a: Galvantula|66/100
|-sideend|p1: Zololl|Sticky Web|[from] move: Rapid Spin|[of] p1a: Animak
|-boost|p1a: Animak|spe|1
|
|upkeep
|turn|5
|c|☆Wrekhell|34% ?
|c|☆Wrekhell|thought u were smarter
|
|switch|p2a: Dragapult|Dragapult, M|100/100
|-damage|p2a: Dragapult|88/100|[from] Stealth Rock
|move|p1a: Animak|Rapid Spin|p2a: Dragapult
|-immune|p2a: Dragapult
|
|-heal|p2a: Dragapult|94/100|[from] item: Leftovers
|upkeep
|turn|6
|
|move|p1a: Animak|Earthquake|p2a: Dragapult
|-crit|p2a: Dragapult
|-damage|p2a: Dragapult|0 fnt
|faint|p2a: Dragapult
|
|upkeep
|c|☆Wrekhell|nice crit bro
|-message|Wrekhell forfeited.
|
|win|Zololl
|l|☆Wrekhell
|raw|Zololl's rating: 1165 → 1187(+22 for winning)
|raw|Wrekhell's rating: 1114 → 1093(-21 for losing)
|c|☆Zololl|Quitting really?
