|ScrapeTime|2020-01-02-15:06:43
|j|☆Crativ
|j|☆le faux fifou
|player|p1|Crativ|102|1039
|player|p2|le faux fifou|tuber|1070
|teamsize|p1|6
|teamsize|p2|6
|gametype|singles
|gen|8
|tier|[Gen 8] OU
|rated|
|rule|Sleep Clause Mod: Limit one foe put to sleep
|rule|Species Clause: Limit one of each Pokémon
|rule|OHKO Clause: OHKO moves are banned
|rule|Evasion Moves Clause: Evasion moves are banned
|rule|Endless Battle Clause: Forcing endless battles is banned
|rule|HP Percentage Mod: HP is shown in percentages
|clearpoke
|poke|p1|Corviknight, M|
|poke|p1|Rotom-Mow|
|poke|p1|Tyranitar, F|
|poke|p1|Dragapult, F|
|poke|p1|Seismitoad, M|
|poke|p1|Cinderace, M|
|poke|p2|Ferrothorn, F|
|poke|p2|Rhydon, M|
|poke|p2|Hatterene, F|
|poke|p2|Bronzong|
|poke|p2|Grimmsnarl, M|
|poke|p2|Corsola-Galar, F|
|rule|Dynamax Clause: You cannot dynamax
|teampreview
|inactive|Battle timer is ON: inactive players will automatically lose when time's up. (requested by Crativ)
|
|start
|switch|p1a: 6|Cinderace, M|100/100
|switch|p2a: Hatterene|Hatterene, F, shiny|100/100
|turn|1
|
|switch|p2a: Bronzong|Bronzong|100/100
|move|p1a: 6|Gunk Shot|p2a: Bronzong
|-immune|p2a: Bronzong
|
|upkeep
|turn|2
|
|move|p2a: Bronzong|Protect|p2a: Bronzong
|-singleturn|p2a: Bronzong|Protect
|move|p1a: 6|Pyro Ball|p2a: Bronzong
|-activate|p2a: Bronzong|move: Protect
|
|upkeep
|turn|3
|
|switch|p2a: Corsola|Corsola-Galar, F, shiny|100/100
|move|p1a: 6|Pyro Ball|p2a: Corsola
|-damage|p2a: Corsola|66/100
|-damage|p1a: 6|91/100|[from] item: Life Orb
|
|upkeep
|turn|4
|
|move|p1a: 6|U-turn|p2a: Corsola
|-resisted|p2a: Corsola
|-damage|p2a: Corsola|59/100
|-damage|p1a: 6|81/100|[from] item: Life Orb
|
|switch|p1a: 2|Rotom-Mow|100/100|[from]move: U-turn
|move|p2a: Corsola|Strength Sap|p1a: 2
|-unboost|p1a: 2|atk|1
|-heal|p2a: Corsola|96/100
|
|upkeep
|turn|5
|
|move|p1a: 2|Will-O-Wisp|p2a: Corsola|[miss]
|-miss|p1a: 2|p2a: Corsola
|move|p2a: Corsola|Stealth Rock|p1a: 2
|-sidestart|p1: Crativ|move: Stealth Rock
|
|upkeep
|turn|6
|
|switch|p2a: Hatterene|Hatterene, F, shiny|100/100
|move|p1a: 2|Will-O-Wisp|p2a: Hatterene
|move|p2a: Hatterene|Will-O-Wisp|p1a: 2|[from]Magic Bounce
|-status|p1a: 2|brn
|
|-damage|p1a: 2|94/100 brn|[from] brn
|upkeep
|turn|7
|-message|Crativ forfeited.
|
|win|le faux fifou
|l|☆Crativ
