|ScrapeTime|2020-01-02-13:15:24
|j|☆Yayou
|j|☆MikNaes
|player|p1|Yayou|volkner|1110
|player|p2|MikNaes|linebacker|1141
|teamsize|p1|6
|teamsize|p2|6
|gametype|singles
|gen|8
|tier|[Gen 8] OU
|rated|
|rule|Sleep Clause Mod: Limit one foe put to sleep
|rule|Species Clause: Limit one of each Pokémon
|rule|OHKO Clause: OHKO moves are banned
|rule|Evasion Moves Clause: Evasion moves are banned
|rule|Endless Battle Clause: Forcing endless battles is banned
|rule|HP Percentage Mod: HP is shown in percentages
|clearpoke
|poke|p1|Corsola-Galar, M|
|poke|p1|Cinderace, F|
|poke|p1|Barraskewda, M|
|poke|p1|Inteleon, M|
|poke|p1|Pyukumuku, M|
|poke|p1|Aegislash, F|
|poke|p2|Toxapex, F|
|poke|p2|Gastrodon, F|
|poke|p2|Rotom-Heat|
|poke|p2|Clefable, M|
|poke|p2|Cloyster, M|
|poke|p2|Grimmsnarl, M|
|rule|Dynamax Clause: You cannot dynamax
|teampreview
|inactive|Battle timer is ON: inactive players will automatically lose when time's up. (requested by MikNaes)
|
|start
|switch|p1a: Cinderace|Cinderace, F|100/100
|switch|p2a: Grimmsnarl|Grimmsnarl, M|100/100
|turn|1
|
|move|p2a: Grimmsnarl|Reflect|p2a: Grimmsnarl
|-sidestart|p2: MikNaes|Reflect
|move|p1a: Cinderace|Taunt|p2a: Grimmsnarl
|-start|p2a: Grimmsnarl|move: Taunt
|
|upkeep
|turn|2
|
|switch|p1a: Corsola|Corsola-Galar, M|100/100
|move|p2a: Grimmsnarl|Foul Play|p1a: Corsola
|-supereffective|p1a: Corsola
|-damage|p1a: Corsola|81/100
|-start|p2a: Grimmsnarl|Disable|Foul Play|[from] ability: Cursed Body|[of] p1a: Corsola
|
|upkeep
|turn|3
|
|switch|p2a: Clefable|Clefable, M|100/100
|move|p1a: Corsola|Will-O-Wisp|p2a: Clefable
|-status|p2a: Clefable|brn
|
|upkeep
|turn|4
|
|move|p2a: Clefable|Calm Mind|p2a: Clefable
|-boost|p2a: Clefable|spa|1
|-boost|p2a: Clefable|spd|1
|move|p1a: Corsola|Strength Sap|p2a: Clefable
|-unboost|p2a: Clefable|atk|1
|-heal|p1a: Corsola|100/100
|
|upkeep
|turn|5
|
|switch|p1a: Pyukumuku|Pyukumuku, M|100/100
|move|p2a: Clefable|Calm Mind|p2a: Clefable
|-boost|p2a: Clefable|spa|1
|-boost|p2a: Clefable|spd|1
|
|upkeep
|turn|6
|
|move|p2a: Clefable|Moonblast|p1a: Pyukumuku
|-damage|p1a: Pyukumuku|70/100
|move|p1a: Pyukumuku|Mirror Coat|p2a: Clefable
|-damage|p2a: Clefable|52/100 brn
|
|-heal|p2a: Clefable|58/100 brn|[from] item: Leftovers
|-heal|p1a: Pyukumuku|76/100|[from] item: Leftovers
|upkeep
|turn|7
|
|move|p2a: Clefable|Moonlight|p2a: Clefable
|-heal|p2a: Clefable|100/100 brn
|move|p1a: Pyukumuku|Recover|p1a: Pyukumuku
|-heal|p1a: Pyukumuku|100/100
|
|upkeep
|turn|8
|
|move|p2a: Clefable|Calm Mind|p2a: Clefable
|-boost|p2a: Clefable|spa|1
|-boost|p2a: Clefable|spd|1
|move|p1a: Pyukumuku|Counter||[still]
|-fail|p1a: Pyukumuku
|
|-sideend|p2: MikNaes|Reflect
|upkeep
|turn|9
|
|move|p2a: Clefable|Calm Mind|p2a: Clefable
|-boost|p2a: Clefable|spa|1
|-boost|p2a: Clefable|spd|1
|move|p1a: Pyukumuku|Counter||[still]
|-fail|p1a: Pyukumuku
|
|upkeep
|turn|10
|
|move|p2a: Clefable|Moonblast|p1a: Pyukumuku
|-damage|p1a: Pyukumuku|73/100
|-unboost|p1a: Pyukumuku|spa|1
|move|p1a: Pyukumuku|Counter||[still]
|-fail|p1a: Pyukumuku
|
|-heal|p1a: Pyukumuku|79/100|[from] item: Leftovers
|upkeep
|turn|11
|
|move|p2a: Clefable|Moonblast|p1a: Pyukumuku
|-damage|p1a: Pyukumuku|52/100
|-unboost|p1a: Pyukumuku|spa|1
|move|p1a: Pyukumuku|Counter||[still]
|-fail|p1a: Pyukumuku
|
|-heal|p1a: Pyukumuku|58/100|[from] item: Leftovers
|upkeep
|turn|12
|
|move|p2a: Clefable|Moonblast|p1a: Pyukumuku
|-damage|p1a: Pyukumuku|27/100
|move|p1a: Pyukumuku|Recover|p1a: Pyukumuku
|-heal|p1a: Pyukumuku|77/100
|
|-heal|p1a: Pyukumuku|83/100|[from] item: Leftovers
|upkeep
|turn|13
|
|move|p2a: Clefable|Moonblast|p1a: Pyukumuku
|-damage|p1a: Pyukumuku|52/100
|-unboost|p1a: Pyukumuku|spa|1
|move|p1a: Pyukumuku|Mirror Coat|p2a: Clefable
|-damage|p2a: Clefable|51/100 brn
|
|-heal|p2a: Clefable|57/100 brn|[from] item: Leftovers
|-heal|p1a: Pyukumuku|58/100|[from] item: Leftovers
|upkeep
|turn|14
|
|move|p2a: Clefable|Calm Mind|p2a: Clefable
|-boost|p2a: Clefable|spa|1
|-boost|p2a: Clefable|spd|1
|move|p1a: Pyukumuku|Recover|p1a: Pyukumuku
|-heal|p1a: Pyukumuku|100/100
|
|-heal|p2a: Clefable|63/100 brn|[from] item: Leftovers
|upkeep
|turn|15
|
|move|p2a: Clefable|Calm Mind|p2a: Clefable
|-boost|p2a: Clefable|spa|1
|-boost|p2a: Clefable|spd|1
|move|p1a: Pyukumuku|Counter||[still]
|-fail|p1a: Pyukumuku
|
|-heal|p2a: Clefable|70/100 brn|[from] item: Leftovers
|upkeep
|turn|16
|
|move|p2a: Clefable|Moonblast|p1a: Pyukumuku
|-damage|p1a: Pyukumuku|69/100
|move|p1a: Pyukumuku|Mirror Coat|p2a: Clefable
|-damage|p2a: Clefable|19/100 brn
|
|-heal|p2a: Clefable|25/100 brn|[from] item: Leftovers
|-heal|p1a: Pyukumuku|75/100|[from] item: Leftovers
|upkeep
|turn|17
|
|move|p2a: Clefable|Moonlight|p2a: Clefable
|-heal|p2a: Clefable|75/100 brn
|move|p1a: Pyukumuku|Mirror Coat||[still]
|-fail|p1a: Pyukumuku
|
|-heal|p2a: Clefable|81/100 brn|[from] item: Leftovers
|-heal|p1a: Pyukumuku|81/100|[from] item: Leftovers
|upkeep
|turn|18
|
|move|p2a: Clefable|Moonblast|p1a: Pyukumuku
|-damage|p1a: Pyukumuku|50/100
|move|p1a: Pyukumuku|Mirror Coat|p2a: Clefable
|-damage|p2a: Clefable|32/100 brn
|
|-heal|p2a: Clefable|38/100 brn|[from] item: Leftovers
|-heal|p1a: Pyukumuku|56/100|[from] item: Leftovers
|upkeep
|turn|19
|
|move|p2a: Clefable|Moonblast|p1a: Pyukumuku
|-damage|p1a: Pyukumuku|29/100
|move|p1a: Pyukumuku|Recover|p1a: Pyukumuku
|-heal|p1a: Pyukumuku|79/100
|
|-heal|p2a: Clefable|44/100 brn|[from] item: Leftovers
|-heal|p1a: Pyukumuku|85/100|[from] item: Leftovers
|upkeep
|turn|20
|
|move|p2a: Clefable|Moonlight|p2a: Clefable
|-heal|p2a: Clefable|94/100 brn
|move|p1a: Pyukumuku|Mirror Coat||[still]
|-fail|p1a: Pyukumuku
|
|-heal|p2a: Clefable|99/100 brn|[from] item: Leftovers
|-heal|p1a: Pyukumuku|91/100|[from] item: Leftovers
|upkeep
|turn|21
|
|switch|p2a: Toxapex|Toxapex, F|100/100
|move|p1a: Pyukumuku|Mirror Coat||[still]
|-fail|p1a: Pyukumuku
|
|-heal|p1a: Pyukumuku|97/100|[from] item: Leftovers
|upkeep
|turn|22
|
|switch|p1a: Aegislash|Aegislash, F|100/100
|move|p2a: Toxapex|Toxic|p1a: Aegislash
|-immune|p1a: Aegislash
|
|upkeep
|turn|23
|
|switch|p2a: Rotom|Rotom-Heat|100/100
|move|p1a: Aegislash|Swords Dance|p1a: Aegislash
|-boost|p1a: Aegislash|atk|2
|
|upkeep
|turn|24
|
|switch|p1a: Corsola|Corsola-Galar, M|100/100
|move|p2a: Rotom|Overheat|p1a: Corsola
|-damage|p1a: Corsola|69/100
|-start|p2a: Rotom|Disable|Overheat|[from] ability: Cursed Body|[of] p1a: Corsola
|-unboost|p2a: Rotom|spa|2
|
|upkeep
|turn|25
|
|switch|p2a: Cloyster|Cloyster, M|100/100
|move|p1a: Corsola|Strength Sap|p2a: Cloyster
|-unboost|p2a: Cloyster|atk|1
|-heal|p1a: Corsola|100/100
|
|upkeep
|turn|26
|
|switch|p2a: Gastrodon|Gastrodon, F|100/100
|move|p1a: Corsola|Will-O-Wisp|p2a: Gastrodon|[miss]
|-miss|p1a: Corsola|p2a: Gastrodon
|
|upkeep
|turn|27
|
|move|p2a: Gastrodon|Scald|p1a: Corsola
|-damage|p1a: Corsola|84/100
|-start|p2a: Gastrodon|Disable|Scald|[from] ability: Cursed Body|[of] p1a: Corsola
|move|p1a: Corsola|Mirror Coat|p2a: Gastrodon
|-damage|p2a: Gastrodon|75/100
|
|upkeep
|turn|28
|
|switch|p2a: Rotom|Rotom-Heat|100/100
|move|p1a: Corsola|Night Shade|p2a: Rotom
|-damage|p2a: Rotom|59/100
|
|upkeep
|turn|29
|
|move|p2a: Rotom|Trick|p1a: Corsola
|-activate|p2a: Rotom|move: Trick|[of] p1a: Corsola
|-item|p1a: Corsola|Choice Scarf|[from] move: Trick
|-item|p2a: Rotom|Eviolite|[from] move: Trick
|move|p1a: Corsola|Night Shade|p2a: Rotom
|-damage|p2a: Rotom|18/100
|
|upkeep
|turn|30
|
|switch|p2a: Toxapex|Toxapex, F|100/100
|move|p1a: Corsola|Night Shade|p2a: Toxapex
|-damage|p2a: Toxapex|67/100
|
|-heal|p2a: Toxapex|73/100|[from] item: Black Sludge
|upkeep
|turn|31
|inactive|MikNaes has 120 seconds left.
|inactive|MikNaes has 90 seconds left.
|inactive|MikNaes has 60 seconds left.
|inactive|MikNaes has 30 seconds left.
|inactive|MikNaes has 20 seconds left.
|inactive|MikNaes has 15 seconds left.
|inactive|MikNaes has 10 seconds left.
|inactive|MikNaes has 5 seconds left.
|-message|MikNaes lost due to inactivity.
|
|win|Yayou
|raw|Yayou's rating: 1110 → 1137(+27 for winning)
|raw|MikNaes's rating: 1141 → 1114(-27 for losing)
