|ScrapeTime|2020-01-03-01:55:13
|j|☆Omari P
|j|☆Saskia SNS
|player|p1|Omari P|pokemonrangerf|1611
|player|p2|Saskia SNS|cyclist-gen4|1504
|teamsize|p1|6
|teamsize|p2|6
|gametype|singles
|gen|8
|tier|[Gen 8] OU
|rated|
|rule|Sleep Clause Mod: Limit one foe put to sleep
|rule|Species Clause: Limit one of each Pokémon
|rule|OHKO Clause: OHKO moves are banned
|rule|Evasion Moves Clause: Evasion moves are banned
|rule|Endless Battle Clause: Forcing endless battles is banned
|rule|HP Percentage Mod: HP is shown in percentages
|clearpoke
|poke|p1|Mandibuzz, F|
|poke|p1|Mew|
|poke|p1|Haxorus, F|
|poke|p1|Cursola, F|
|poke|p1|Mamoswine, M|
|poke|p1|Hydreigon, F|
|poke|p2|Toxapex, F|
|poke|p2|Corviknight, M|
|poke|p2|Hydreigon, F|
|poke|p2|Clefable, F|
|poke|p2|Toxtricity, F|
|poke|p2|Conkeldurr, M|
|rule|Dynamax Clause: You cannot dynamax
|teampreview
|c|☆Saskia SNS|hf
|inactive|Battle timer is ON: inactive players will automatically lose when time's up. (requested by Omari P)
|inactive|Saskia SNS has 120 seconds left.
|
|start
|switch|p1a: Mew|Mew|100/100
|switch|p2a: Toxapex|Toxapex, F|100/100
|turn|1
|
|move|p1a: Mew|Dragon Dance|p1a: Mew
|-boost|p1a: Mew|atk|1
|-boost|p1a: Mew|spe|1
|move|p2a: Toxapex|Toxic|p1a: Mew
|-status|p1a: Mew|tox
|-activate|p1a: Mew|ability: Synchronize
|-immune|p2a: Toxapex
|
|-damage|p1a: Mew|94/100 tox|[from] psn
|upkeep
|turn|2
|
|move|p2a: Toxapex|Baneful Bunker|p2a: Toxapex
|-singleturn|p2a: Toxapex|move: Protect
|move|p1a: Mew|Psychic Fangs|p2a: Toxapex
|-activate|p2a: Toxapex|move: Protect
|
|-damage|p1a: Mew|82/100 tox|[from] psn
|upkeep
|turn|3
|
|switch|p2a: Corviknight|Corviknight, M|100/100
|-ability|p2a: Corviknight|Pressure
|move|p1a: Mew|Dragon Dance|p1a: Mew
|-boost|p1a: Mew|atk|1
|-boost|p1a: Mew|spe|1
|
|-damage|p1a: Mew|64/100 tox|[from] psn
|upkeep
|turn|4
|
|move|p1a: Mew|Flare Blitz|p2a: Corviknight
|-supereffective|p2a: Corviknight
|-damage|p2a: Corviknight|0 fnt
|-damage|p1a: Mew|25/100 tox|[from] Recoil
|-damage|p1a: Mew|15/100 tox|[from] item: Life Orb
|faint|p2a: Corviknight
|
|-damage|p1a: Mew|0 fnt|[from] psn
|faint|p1a: Mew
|upkeep
|inactive|Saskia SNS has 120 seconds left.
|
|switch|p1a: Mamoswine|Mamoswine, M|100/100
|switch|p2a: Conkeldurr|Conkeldurr, M|100/100
|turn|5
|
|move|p1a: Mamoswine|Stealth Rock|p2a: Conkeldurr
|-sidestart|p2: Saskia SNS|move: Stealth Rock
|move|p2a: Conkeldurr|Close Combat|p1a: Mamoswine
|-supereffective|p1a: Mamoswine
|-enditem|p1a: Mamoswine|Focus Sash
|-damage|p1a: Mamoswine|1/100
|-unboost|p2a: Conkeldurr|def|1
|-unboost|p2a: Conkeldurr|spd|1
|
|-status|p2a: Conkeldurr|brn|[from] item: Flame Orb
|upkeep
|turn|6
|
|move|p2a: Conkeldurr|Mach Punch|p1a: Mamoswine
|-supereffective|p1a: Mamoswine
|-damage|p1a: Mamoswine|0 fnt
|faint|p1a: Mamoswine
|
|-damage|p2a: Conkeldurr|94/100 brn|[from] brn
|upkeep
|
|switch|p1a: Mandibuzz|Mandibuzz, F, shiny|100/100
|turn|7
|c|☆Omari P|!dt mach punch
|raw|Mach Punch  Power40 Accuracy100% PP48 Usually goes first. 
|raw|Priority: 1 |&ThickSpaceGen: 2 |&ThickSpace✓ Contact |&ThickSpace✓ Punch |&ThickSpaceZ-Power: 100 |&ThickSpaceDynamax Power: 70 |&ThickSpaceTarget: One Adjacent Pokémon

|inactive|Saskia SNS has 120 seconds left.
|
|move|p1a: Mandibuzz|Foul Play|p2a: Conkeldurr
|-resisted|p2a: Conkeldurr
|-damage|p2a: Conkeldurr|49/100 brn
|move|p2a: Conkeldurr|Facade|p1a: Mandibuzz
|-damage|p1a: Mandibuzz|51/100
|-damage|p2a: Conkeldurr|33/100 brn|[from] item: Rocky Helmet|[of] p1a: Mandibuzz
|
|-damage|p2a: Conkeldurr|27/100 brn|[from] brn
|upkeep
|turn|8
|
|move|p1a: Mandibuzz|Foul Play|p2a: Conkeldurr
|-resisted|p2a: Conkeldurr
|-damage|p2a: Conkeldurr|0 fnt
|faint|p2a: Conkeldurr
|
|upkeep
|
|switch|p2a: Toxtricity|Toxtricity, F|100/100
|-damage|p2a: Toxtricity|88/100|[from] Stealth Rock
|turn|9
|inactive|Saskia SNS has 120 seconds left.
|
|switch|p1a: Cursola|Cursola, F|100/100
|move|p2a: Toxtricity|Overdrive|p1a: Cursola
|-damage|p1a: Cursola|58/100
|
|upkeep
|turn|10
|inactive|Saskia SNS has 120 seconds left.
|
|switch|p2a: Clefable|Clefable, F|100/100
|move|p1a: Cursola|Earth Power|p2a: Clefable
|-damage|p2a: Clefable|73/100
|
|-heal|p2a: Clefable|79/100|[from] item: Leftovers
|upkeep
|turn|11
|
|move|p2a: Clefable|Protect|p2a: Clefable
|-singleturn|p2a: Clefable|Protect
|move|p1a: Cursola|Shadow Ball|p2a: Clefable
|-activate|p2a: Clefable|move: Protect
|
|-heal|p2a: Clefable|86/100|[from] item: Leftovers
|upkeep
|turn|12
|
|move|p2a: Clefable|Wish|p2a: Clefable
|move|p1a: Cursola|Shadow Ball|p2a: Clefable
|-damage|p2a: Clefable|50/100
|
|-heal|p2a: Clefable|56/100|[from] item: Leftovers
|upkeep
|turn|13
|
|move|p2a: Clefable|Stealth Rock|p1a: Cursola
|-sidestart|p1: Omari P|move: Stealth Rock
|move|p1a: Cursola|Shadow Ball|p2a: Clefable
|-damage|p2a: Clefable|25/100
|
|-heal|p2a: Clefable|75/100|[from] move: Wish|[wisher] Clefable
|-heal|p2a: Clefable|81/100|[from] item: Leftovers
|upkeep
|turn|14
|
|move|p2a: Clefable|Wish|p2a: Clefable
|move|p1a: Cursola|Shadow Ball|p2a: Clefable
|-damage|p2a: Clefable|47/100
|-unboost|p2a: Clefable|spd|1
|
|-heal|p2a: Clefable|53/100|[from] item: Leftovers
|upkeep
|turn|15
|j| Sir Isaac Mewton
|
|move|p2a: Clefable|Protect|p2a: Clefable
|-singleturn|p2a: Clefable|Protect
|move|p1a: Cursola|Shadow Ball|p2a: Clefable
|-activate|p2a: Clefable|move: Protect
|
|-heal|p2a: Clefable|100/100|[from] move: Wish|[wisher] Clefable
|upkeep
|turn|16
|
|switch|p2a: Toxapex|Toxapex, F|100/100
|-damage|p2a: Toxapex|88/100|[from] Stealth Rock
|move|p1a: Cursola|Ice Beam|p2a: Toxapex
|-resisted|p2a: Toxapex
|-damage|p2a: Toxapex|74/100
|
|-heal|p2a: Toxapex|80/100|[from] item: Black Sludge
|upkeep
|turn|17
|
|move|p2a: Toxapex|Toxic|p1a: Cursola
|-status|p1a: Cursola|tox
|move|p1a: Cursola|Earth Power|p2a: Toxapex
|-supereffective|p2a: Toxapex
|-damage|p2a: Toxapex|18/100
|
|-heal|p2a: Toxapex|25/100|[from] item: Black Sludge
|-damage|p1a: Cursola|51/100 tox|[from] psn
|upkeep
|turn|18
|
|move|p2a: Toxapex|Baneful Bunker|p2a: Toxapex
|-singleturn|p2a: Toxapex|move: Protect
|move|p1a: Cursola|Shadow Ball|p2a: Toxapex
|-activate|p2a: Toxapex|move: Protect
|
|-heal|p2a: Toxapex|31/100|[from] item: Black Sludge
|-damage|p1a: Cursola|39/100 tox|[from] psn
|upkeep
|turn|19
|
|move|p2a: Toxapex|Recover|p2a: Toxapex
|-heal|p2a: Toxapex|81/100
|move|p1a: Cursola|Earth Power|p2a: Toxapex
|-supereffective|p2a: Toxapex
|-damage|p2a: Toxapex|16/100
|
|-heal|p2a: Toxapex|22/100|[from] item: Black Sludge
|-damage|p1a: Cursola|20/100 tox|[from] psn
|upkeep
|turn|20
|
|move|p2a: Toxapex|Toxic|p1a: Cursola
|-fail|p1a: Cursola|tox
|move|p1a: Cursola|Earth Power|p2a: Toxapex
|-supereffective|p2a: Toxapex
|-damage|p2a: Toxapex|0 fnt
|faint|p2a: Toxapex
|
|-damage|p1a: Cursola|0 fnt|[from] psn
|faint|p1a: Cursola
|upkeep
|inactive|Saskia SNS has 120 seconds left.
|
|switch|p2a: Clefable|Clefable, F|100/100
|switch|p1a: Haxorus|Haxorus, F|100/100
|-damage|p1a: Haxorus|88/100|[from] Stealth Rock
|-ability|p1a: Haxorus|Mold Breaker
|turn|21
|
|switch|p1a: Mandibuzz|Mandibuzz, F, shiny|51/100
|-damage|p1a: Mandibuzz|26/100|[from] Stealth Rock
|move|p2a: Clefable|Moonblast|p1a: Mandibuzz
|-supereffective|p1a: Mandibuzz
|-damage|p1a: Mandibuzz|0 fnt
|faint|p1a: Mandibuzz
|
|upkeep
|
|switch|p1a: Hydreigon|Hydreigon, F|100/100
|-damage|p1a: Hydreigon|88/100|[from] Stealth Rock
|turn|22
|inactive|Saskia SNS has 120 seconds left.
|
|move|p1a: Hydreigon|Flash Cannon|p2a: Clefable
|-supereffective|p2a: Clefable
|-damage|p2a: Clefable|57/100
|move|p2a: Clefable|Moonblast|p1a: Hydreigon
|-supereffective|p1a: Hydreigon
|-damage|p1a: Hydreigon|0 fnt
|faint|p1a: Hydreigon
|
|-heal|p2a: Clefable|63/100|[from] item: Leftovers
|upkeep
|
|switch|p1a: Haxorus|Haxorus, F|88/100
|-damage|p1a: Haxorus|76/100|[from] Stealth Rock
|-ability|p1a: Haxorus|Mold Breaker
|turn|23
|
|move|p1a: Haxorus|Iron Tail|p2a: Clefable|[miss]
|-miss|p1a: Haxorus|p2a: Clefable
|move|p2a: Clefable|Moonblast|p1a: Haxorus
|-supereffective|p1a: Haxorus
|-damage|p1a: Haxorus|0 fnt
|faint|p1a: Haxorus
|
|win|Saskia SNS
|l|☆Omari P
