|ScrapeTime|2020-01-02-04:45:35
|j|☆Day of the walrus
|j|☆OTLance
|player|p1|Day of the walrus|steven|1288
|player|p2|OTLance|veteran|1297
|teamsize|p1|6
|teamsize|p2|6
|gametype|singles
|gen|8
|tier|[Gen 8] OU
|rated|
|rule|Sleep Clause Mod: Limit one foe put to sleep
|rule|Species Clause: Limit one of each Pokémon
|rule|OHKO Clause: OHKO moves are banned
|rule|Evasion Moves Clause: Evasion moves are banned
|rule|Endless Battle Clause: Forcing endless battles is banned
|rule|HP Percentage Mod: HP is shown in percentages
|clearpoke
|poke|p1|Gastrodon, M|
|poke|p1|Togekiss, F|
|poke|p1|Toxapex, F|
|poke|p1|Ferrothorn, F|
|poke|p1|Corviknight, M|
|poke|p1|Roserade, F|
|poke|p2|Barraskewda, M|
|poke|p2|Dragapult, M|
|poke|p2|Corviknight, F|
|poke|p2|Corsola-Galar, M|
|poke|p2|Polteageist|
|poke|p2|Ditto|
|rule|Dynamax Clause: You cannot dynamax
|teampreview
|
|start
|switch|p1a: Gastrodon|Gastrodon, M|100/100
|switch|p2a: Polteageist|Polteageist|100/100
|turn|1
|
|move|p2a: Polteageist|Shell Smash|p2a: Polteageist
|-unboost|p2a: Polteageist|def|1
|-unboost|p2a: Polteageist|spd|1
|-boost|p2a: Polteageist|atk|2
|-boost|p2a: Polteageist|spa|2
|-boost|p2a: Polteageist|spe|2
|move|p1a: Gastrodon|Earth Power|p2a: Polteageist
|-damage|p2a: Polteageist|53/100
|
|upkeep
|turn|2
|
|move|p2a: Polteageist|Giga Drain|p1a: Gastrodon
|-supereffective|p1a: Gastrodon
|-damage|p1a: Gastrodon|0 fnt
|-heal|p2a: Polteageist|100/100|[from] drain|[of] p1a: Gastrodon
|faint|p1a: Gastrodon
|
|upkeep
|
|switch|p1a: Roserade|Roserade, F, shiny|100/100
|turn|3
|
|move|p2a: Polteageist|Stored Power|p1a: Roserade
|-supereffective|p1a: Roserade
|-damage|p1a: Roserade|0 fnt
|faint|p1a: Roserade
|
|upkeep
|
|switch|p1a: Toxapex|Toxapex, F|100/100
|turn|4
|
|move|p2a: Polteageist|Stored Power|p1a: Toxapex
|-supereffective|p1a: Toxapex
|-damage|p1a: Toxapex|0 fnt
|faint|p1a: Toxapex
|
|upkeep
|
|switch|p1a: Ferrothorn|Ferrothorn, F|100/100
|turn|5
|
|move|p2a: Polteageist|Stored Power|p1a: Ferrothorn
|-resisted|p1a: Ferrothorn
|-damage|p1a: Ferrothorn|50/100
|move|p1a: Ferrothorn|Gyro Ball|p2a: Polteageist
|-enditem|p2a: Polteageist|Focus Sash
|-damage|p2a: Polteageist|1/100
|-ability|p2a: Polteageist|Weak Armor|boost
|-unboost|p2a: Polteageist|def|1
|-boost|p2a: Polteageist|spe|2
|
|upkeep
|turn|6
|
|move|p2a: Polteageist|Shadow Ball|p1a: Ferrothorn
|-damage|p1a: Ferrothorn|0 fnt
|faint|p1a: Ferrothorn
|
|upkeep
|
|switch|p1a: Corviknight|Corviknight, M|100/100
|-ability|p1a: Corviknight|Pressure
|turn|7
|
|move|p2a: Polteageist|Shadow Ball|p1a: Corviknight
|-damage|p1a: Corviknight|37/100
|move|p1a: Corviknight|Power Trip|p2a: Polteageist
|-supereffective|p2a: Polteageist
|-damage|p2a: Polteageist|0 fnt
|faint|p2a: Polteageist
|
|-heal|p1a: Corviknight|43/100|[from] item: Leftovers
|upkeep
|
|switch|p2a: Dragapult|Dragapult, M|100/100
|turn|8
|
|move|p2a: Dragapult|Thunderbolt|p1a: Corviknight
|-supereffective|p1a: Corviknight
|-damage|p1a: Corviknight|0 fnt
|faint|p1a: Corviknight
|
|upkeep
|
|switch|p1a: Togekiss|Togekiss, F|100/100
|turn|9
|
|move|p2a: Dragapult|Thunderbolt|p1a: Togekiss
|-supereffective|p1a: Togekiss
|-damage|p1a: Togekiss|53/100
|move|p1a: Togekiss|Dazzling Gleam|p2a: Dragapult
|-supereffective|p2a: Dragapult
|-damage|p2a: Dragapult|0 fnt
|faint|p2a: Dragapult
|
|upkeep
|
|switch|p2a: Barraskewda|Barraskewda, M|100/100
|turn|10
|
|move|p2a: Barraskewda|Waterfall|p1a: Togekiss
|-damage|p1a: Togekiss|0 fnt
|faint|p1a: Togekiss
|
|win|OTLance
|raw|Day of the walrus's rating: 1289 → 1264(-25 for losing)
|raw|OTLance's rating: 1297 → 1322(+25 for winning)
