|ScrapeTime|2020-01-02-01:04:31
|j|☆BanDisnDatnMe
|j|☆shiiiiiza
|player|p1|BanDisnDatnMe|janine|1665
|player|p2|shiiiiiza|273|1677
|teamsize|p1|6
|teamsize|p2|6
|gametype|singles
|gen|8
|tier|[Gen 8] OU
|rated|
|rule|Sleep Clause Mod: Limit one foe put to sleep
|rule|Species Clause: Limit one of each Pokémon
|rule|OHKO Clause: OHKO moves are banned
|rule|Evasion Moves Clause: Evasion moves are banned
|rule|Endless Battle Clause: Forcing endless battles is banned
|rule|HP Percentage Mod: HP is shown in percentages
|clearpoke
|poke|p1|Grimmsnarl, M|
|poke|p1|Dragapult, M|
|poke|p1|Gyarados, M|
|poke|p1|Bisharp, M|
|poke|p1|Mew|
|poke|p1|Charizard, F|
|poke|p2|Dragapult, F|
|poke|p2|Bisharp, F|
|poke|p2|Rotom-Heat|
|poke|p2|Crawdaunt, F|
|poke|p2|Dugtrio, F|
|poke|p2|Corviknight, M|
|rule|Dynamax Clause: You cannot dynamax
|teampreview
|j| watr sucks
|j| faunazon
|j| Gakki520
|inactive|Battle timer is ON: inactive players will automatically lose when time's up. (requested by shiiiiiza)
|
|start
|switch|p1a: Grimmsnarl|Grimmsnarl, M|100/100
|switch|p2a: Rotom|Rotom-Heat|100/100
|turn|1
|inactive|shiiiiiza has 120 seconds left.
|
|move|p1a: Grimmsnarl|Light Screen|p1a: Grimmsnarl
|-sidestart|p1: BanDisnDatnMe|move: Light Screen
|move|p2a: Rotom|Will-O-Wisp|p1a: Grimmsnarl
|-status|p1a: Grimmsnarl|brn
|
|-damage|p1a: Grimmsnarl|94/100 brn|[from] brn
|upkeep
|turn|2
|
|move|p1a: Grimmsnarl|Reflect|p1a: Grimmsnarl
|-sidestart|p1: BanDisnDatnMe|Reflect
|move|p2a: Rotom|Volt Switch|p1a: Grimmsnarl
|-damage|p1a: Grimmsnarl|83/100 brn
|
|switch|p2a: Bisharp|Bisharp, F, shiny|100/100|[from]move: Volt Switch
|
|-damage|p1a: Grimmsnarl|77/100 brn|[from] brn
|upkeep
|turn|3
|
|switch|p2a: Corviknight|Corviknight, M|100/100
|switch|p1a: Gyarados|Gyarados, M|100/100
|
|upkeep
|turn|4
|
|move|p1a: Gyarados|Dragon Dance|p1a: Gyarados
|-boost|p1a: Gyarados|atk|1
|-boost|p1a: Gyarados|spe|1
|move|p2a: Corviknight|Taunt|p1a: Gyarados
|-start|p1a: Gyarados|move: Taunt
|
|upkeep
|turn|5
|
|move|p1a: Gyarados|Waterfall|p2a: Corviknight
|-damage|p2a: Corviknight|58/100
|cant|p2a: Corviknight|flinch
|
|-heal|p2a: Corviknight|64/100|[from] item: Leftovers
|upkeep
|turn|6
|
|move|p1a: Gyarados|Waterfall|p2a: Corviknight
|-damage|p2a: Corviknight|17/100
|move|p2a: Corviknight|Roost|p2a: Corviknight
|-heal|p2a: Corviknight|67/100
|-singleturn|p2a: Corviknight|move: Roost
|
|-heal|p2a: Corviknight|73/100|[from] item: Leftovers
|upkeep
|turn|7
|
|move|p1a: Gyarados|Waterfall|p2a: Corviknight
|-damage|p2a: Corviknight|24/100
|move|p2a: Corviknight|Defog|p1a: Gyarados
|-unboost|p1a: Gyarados|evasion|1
|-sideend|p1: BanDisnDatnMe|Reflect
|-sideend|p1: BanDisnDatnMe|move: Light Screen
|
|-heal|p2a: Corviknight|30/100|[from] item: Leftovers
|-end|p1a: Gyarados|move: Taunt
|upkeep
|turn|8
|
|move|p1a: Gyarados|Dragon Dance|p1a: Gyarados
|-boost|p1a: Gyarados|atk|1
|-boost|p1a: Gyarados|spe|1
|move|p2a: Corviknight|Taunt|p1a: Gyarados
|-start|p1a: Gyarados|move: Taunt
|
|-heal|p2a: Corviknight|36/100|[from] item: Leftovers
|upkeep
|turn|9
|j| TheRayman94
|
|move|p1a: Gyarados|Waterfall|p2a: Corviknight
|-damage|p2a: Corviknight|0 fnt
|faint|p2a: Corviknight
|-ability|p1a: Gyarados|Moxie|boost
|-boost|p1a: Gyarados|atk|1
|
|upkeep
|
|switch|p2a: Dragapult|Dragapult, F|100/100
|turn|10
|
|move|p1a: Gyarados|Bounce||[still]
|-prepare|p1a: Gyarados|Bounce|p2a: Dragapult
|-enditem|p1a: Gyarados|Power Herb
|-anim|p1a: Gyarados|Bounce|p2a: Dragapult
|-damage|p2a: Dragapult|0 fnt
|faint|p2a: Dragapult
|-ability|p1a: Gyarados|Moxie|boost
|-boost|p1a: Gyarados|atk|1
|
|upkeep
|
|switch|p2a: Crawdaunt|Crawdaunt, F|100/100
|turn|11
|
|move|p1a: Gyarados|Waterfall|p2a: Crawdaunt
|-resisted|p2a: Crawdaunt
|-damage|p2a: Crawdaunt|0 fnt
|faint|p2a: Crawdaunt
|-ability|p1a: Gyarados|Moxie|boost
|-boost|p1a: Gyarados|atk|1
|
|-end|p1a: Gyarados|move: Taunt
|upkeep
|-message|shiiiiiza forfeited.
|
|win|BanDisnDatnMe
|l|☆shiiiiiza
|l| faunazon
|raw|BanDisnDatnMe's rating: 1665 → 1686(+21 for winning)
|raw|shiiiiiza's rating: 1677 → 1656(-21 for losing)
