|ScrapeTime|2020-01-02-06:45:52
|j|☆demonkirby
|j|☆Pancar
|player|p1|demonkirby|tuber|1193
|player|p2|Pancar|1|1138
|teamsize|p1|6
|teamsize|p2|6
|gametype|singles
|gen|8
|tier|[Gen 8] OU
|rated|
|rule|Sleep Clause Mod: Limit one foe put to sleep
|rule|Species Clause: Limit one of each Pokémon
|rule|OHKO Clause: OHKO moves are banned
|rule|Evasion Moves Clause: Evasion moves are banned
|rule|Endless Battle Clause: Forcing endless battles is banned
|rule|HP Percentage Mod: HP is shown in percentages
|clearpoke
|poke|p1|Mr. Mime, F|
|poke|p1|Toxtricity, M|
|poke|p1|Corsola-Galar, M|
|poke|p1|Kommo-o, M|
|poke|p1|Sylveon, F|
|poke|p1|Grimmsnarl, M|
|poke|p2|Cinderace, M|
|poke|p2|Pincurchin, F|
|poke|p2|Centiskorch, M|
|poke|p2|Ferrothorn, F|
|poke|p2|Drampa, M|
|poke|p2|Conkeldurr, M|
|rule|Dynamax Clause: You cannot dynamax
|teampreview
|
|start
|switch|p1a: Mr. Mime|Mr. Mime, F|100/100
|switch|p2a: Pincurchin|Pincurchin, F|100/100
|-fieldstart|move: Electric Terrain|[from] ability: Electric Surge|[of] p2a: Pincurchin
|-item|p2a: Pincurchin|Air Balloon
|turn|1
|
|move|p1a: Mr. Mime|Trick|p2a: Pincurchin
|-activate|p1a: Mr. Mime|move: Trick|[of] p2a: Pincurchin
|-item|p2a: Pincurchin|Flame Orb|[from] move: Trick
|-item|p1a: Mr. Mime|Air Balloon
|-item|p1a: Mr. Mime|Air Balloon|[from] move: Trick
|move|p2a: Pincurchin|Zing Zap|p1a: Mr. Mime
|-damage|p1a: Mr. Mime|0 fnt
|-enditem|p1a: Mr. Mime|Air Balloon
|faint|p1a: Mr. Mime
|
|-status|p2a: Pincurchin|brn|[from] item: Flame Orb
|upkeep
|
|switch|p1a: Corsola|Corsola-Galar, M|100/100
|turn|2
|
|switch|p2a: Centiskorch|Centiskorch, M|100/100
|-enditem|p2a: Centiskorch|Electric Seed
|-boost|p2a: Centiskorch|def|1
|move|p1a: Corsola|Stealth Rock|p2a: Centiskorch
|-sidestart|p2: Pancar|move: Stealth Rock
|
|upkeep
|turn|3
|
|move|p2a: Centiskorch|Fire Lash|p1a: Corsola
|-crit|p1a: Corsola
|-damage|p1a: Corsola|59/100
|-unboost|p1a: Corsola|def|1
|move|p1a: Corsola|Will-O-Wisp|p2a: Centiskorch|[miss]
|-miss|p1a: Corsola|p2a: Centiskorch
|
|upkeep
|turn|4
|
|move|p2a: Centiskorch|Knock Off|p1a: Corsola
|-supereffective|p1a: Corsola
|-damage|p1a: Corsola|0 fnt
|-start|p2a: Centiskorch|Disable|Knock Off|[from] ability: Cursed Body|[of] p1a: Corsola
|-enditem|p1a: Corsola|Eviolite|[from] move: Knock Off|[of] p2a: Centiskorch
|faint|p1a: Corsola
|
|upkeep
|
|switch|p1a: Grimmsnarl|Grimmsnarl, M|100/100
|turn|5
|
|move|p1a: Grimmsnarl|Trick|p2a: Centiskorch
|-activate|p1a: Grimmsnarl|move: Trick|[of] p2a: Centiskorch
|-item|p2a: Centiskorch|Choice Specs|[from] move: Trick
|-enditem|p1a: Grimmsnarl|Choice Specs|[silent]|[from] move: Trick
|move|p2a: Centiskorch|Fire Lash|p1a: Grimmsnarl
|-damage|p1a: Grimmsnarl|45/100
|-unboost|p1a: Grimmsnarl|def|1
|
|-fieldend|move: Electric Terrain
|upkeep
|turn|6
|
|switch|p1a: Kommo-o|Kommo-o, M|100/100
|move|p2a: Centiskorch|Fire Lash|p1a: Kommo-o
|-resisted|p1a: Kommo-o
|-damage|p1a: Kommo-o|81/100
|-unboost|p1a: Kommo-o|def|1
|
|upkeep
|turn|7
|
|move|p1a: Kommo-o|Clangorous Soul|p1a: Kommo-o
|-boost|p1a: Kommo-o|atk|1
|-boost|p1a: Kommo-o|def|1
|-boost|p1a: Kommo-o|spa|1
|-boost|p1a: Kommo-o|spd|1
|-boost|p1a: Kommo-o|spe|1
|-damage|p1a: Kommo-o|47/100
|move|p2a: Centiskorch|Fire Lash|p1a: Kommo-o
|-resisted|p1a: Kommo-o
|-damage|p1a: Kommo-o|28/100
|-unboost|p1a: Kommo-o|def|1
|
|-end|p2a: Centiskorch|Disable
|upkeep
|turn|8
|
|move|p1a: Kommo-o|Dragon Claw|p2a: Centiskorch
|-damage|p2a: Centiskorch|61/100
|move|p2a: Centiskorch|Fire Lash|p1a: Kommo-o
|-resisted|p1a: Kommo-o
|-damage|p1a: Kommo-o|0 fnt
|faint|p1a: Kommo-o
|
|upkeep
|
|switch|p1a: Grimmsnarl|Grimmsnarl, M|45/100
|turn|9
|
|move|p1a: Grimmsnarl|Thunder Wave|p2a: Centiskorch
|-status|p2a: Centiskorch|par
|cant|p2a: Centiskorch|par
|
|upkeep
|turn|10
|
|switch|p1a: Toxtricity|Toxtricity, M|100/100
|cant|p2a: Centiskorch|par
|
|upkeep
|turn|11
|
|move|p1a: Toxtricity|Boomburst|p2a: Centiskorch
|-damage|p2a: Centiskorch|0 fnt
|faint|p2a: Centiskorch
|
|upkeep
|
|switch|p2a: Conkeldurr|Conkeldurr, M|100/100
|-damage|p2a: Conkeldurr|94/100|[from] Stealth Rock
|turn|12
|
|move|p1a: Toxtricity|Boomburst|p2a: Conkeldurr
|-damage|p2a: Conkeldurr|24/100
|move|p2a: Conkeldurr|High Horsepower|p1a: Toxtricity
|-supereffective|p1a: Toxtricity
|-damage|p1a: Toxtricity|0 fnt
|faint|p1a: Toxtricity
|
|-status|p2a: Conkeldurr|brn|[from] item: Flame Orb
|upkeep
|
|switch|p1a: Grimmsnarl|Grimmsnarl, M|45/100
|turn|13
|
|move|p2a: Conkeldurr|Mach Punch|p1a: Grimmsnarl
|-damage|p1a: Grimmsnarl|4/100
|move|p1a: Grimmsnarl|Spirit Break|p2a: Conkeldurr
|-supereffective|p2a: Conkeldurr
|-damage|p2a: Conkeldurr|0 fnt
|faint|p2a: Conkeldurr
|
|upkeep
|
|switch|p2a: Cinderace|Cinderace, M|100/100
|-damage|p2a: Cinderace|76/100|[from] Stealth Rock
|turn|14
|
|move|p1a: Grimmsnarl|Thunder Wave|p2a: Cinderace
|-status|p2a: Cinderace|par
|move|p2a: Cinderace|Pyro Ball|p1a: Grimmsnarl
|-damage|p1a: Grimmsnarl|0 fnt
|faint|p1a: Grimmsnarl
|
|upkeep
|
|switch|p1a: Sylveon|Sylveon, F|100/100
|turn|15
|
|cant|p2a: Cinderace|par
|move|p1a: Sylveon|Calm Mind|p1a: Sylveon
|-boost|p1a: Sylveon|spa|1
|-boost|p1a: Sylveon|spd|1
|
|upkeep
|turn|16
|
|move|p2a: Cinderace|Pyro Ball|p1a: Sylveon
|-damage|p1a: Sylveon|16/100
|-enditem|p1a: Sylveon|Salac Berry|[eat]
|-boost|p1a: Sylveon|spe|1
|move|p1a: Sylveon|Calm Mind|p1a: Sylveon
|-boost|p1a: Sylveon|spa|1
|-boost|p1a: Sylveon|spd|1
|
|upkeep
|turn|17
|
|move|p1a: Sylveon|Moonblast|p2a: Cinderace
|-resisted|p2a: Cinderace
|-damage|p2a: Cinderace|10/100 par
|cant|p2a: Cinderace|par
|
|upkeep
|turn|18
|
|move|p1a: Sylveon|Moonblast|p2a: Cinderace
|-resisted|p2a: Cinderace
|-damage|p2a: Cinderace|0 fnt
|faint|p2a: Cinderace
|
|upkeep
|
|switch|p2a: Ferrothorn|Ferrothorn, F|100/100
|-damage|p2a: Ferrothorn|95/100|[from] Stealth Rock
|turn|19
|
|move|p1a: Sylveon|Shadow Ball|p2a: Ferrothorn
|-damage|p2a: Ferrothorn|50/100
|move|p2a: Ferrothorn|Gyro Ball|p1a: Sylveon
|-supereffective|p1a: Sylveon
|-damage|p1a: Sylveon|0 fnt
|faint|p1a: Sylveon
|
|win|Pancar
|raw|demonkirby's rating: 1193 → 1164(-29 for losing)
|raw|Pancar's rating: 1138 → 1167(+29 for winning)
|l|☆demonkirby
