|ScrapeTime|2020-01-01-19:40:52
|j|☆rella.kidd
|j|☆Lycaendestroyer
|player|p1|rella.kidd|rocketgrunt|1000
|player|p2|Lycaendestroyer|101|1000
|teamsize|p1|6
|teamsize|p2|6
|gametype|singles
|gen|8
|tier|[Gen 8] OU
|rated|
|rule|Sleep Clause Mod: Limit one foe put to sleep
|rule|Species Clause: Limit one of each Pokémon
|rule|OHKO Clause: OHKO moves are banned
|rule|Evasion Moves Clause: Evasion moves are banned
|rule|Endless Battle Clause: Forcing endless battles is banned
|rule|HP Percentage Mod: HP is shown in percentages
|clearpoke
|poke|p1|Barraskewda, M|
|poke|p1|Coalossal, M|
|poke|p1|Dhelmise|
|poke|p1|Hatterene, F|
|poke|p1|Hydreigon, F|
|poke|p1|Excadrill, F|
|poke|p2|Dragapult, F|
|poke|p2|Ferrothorn, F|
|poke|p2|Toxtricity-Low-Key, F|
|poke|p2|Cinderace, F|
|poke|p2|Aegislash, M|
|poke|p2|Hatterene, F|
|rule|Dynamax Clause: You cannot dynamax
|teampreview
|
|start
|switch|p1a: Barraskewda|Barraskewda, M|100/100
|switch|p2a: Ferrothorn|Ferrothorn, F|100/100
|turn|1
|
|move|p1a: Barraskewda|Acupressure|p1a: Barraskewda
|-boost|p1a: Barraskewda|def|2
|move|p2a: Ferrothorn|Leech Seed|p1a: Barraskewda|[miss]
|-miss|p2a: Ferrothorn|p1a: Barraskewda
|
|upkeep
|turn|2
|
|move|p1a: Barraskewda|Substitute|p1a: Barraskewda
|-start|p1a: Barraskewda|Substitute
|-damage|p1a: Barraskewda|76/100
|move|p2a: Ferrothorn|Leech Seed||[still]
|-fail|p2a: Ferrothorn
|
|-heal|p1a: Barraskewda|82/100|[from] item: Leftovers
|upkeep
|turn|3
|
|move|p1a: Barraskewda|Acupressure|p1a: Barraskewda
|-boost|p1a: Barraskewda|evasion|2
|move|p2a: Ferrothorn|Stealth Rock|p1a: Barraskewda
|-sidestart|p1: rella.kidd|move: Stealth Rock
|
|-heal|p1a: Barraskewda|88/100|[from] item: Leftovers
|upkeep
|turn|4
|
|move|p1a: Barraskewda|Acupressure|p1a: Barraskewda
|-boost|p1a: Barraskewda|evasion|2
|move|p2a: Ferrothorn|Spikes|p1a: Barraskewda
|-sidestart|p1: rella.kidd|Spikes
|
|-heal|p1a: Barraskewda|94/100|[from] item: Leftovers
|upkeep
|turn|5
|
|move|p1a: Barraskewda|Acupressure|p1a: Barraskewda
|-boost|p1a: Barraskewda|evasion|2
|move|p2a: Ferrothorn|Spikes|p1a: Barraskewda
|-sidestart|p1: rella.kidd|Spikes
|
|-heal|p1a: Barraskewda|99/100|[from] item: Leftovers
|upkeep
|turn|6
|
|move|p1a: Barraskewda|Acupressure|p1a: Barraskewda
|-boost|p1a: Barraskewda|spa|2
|move|p2a: Ferrothorn|Spikes|p1a: Barraskewda
|-sidestart|p1: rella.kidd|Spikes
|
|-heal|p1a: Barraskewda|100/100|[from] item: Leftovers
|upkeep
|turn|7
|
|move|p1a: Barraskewda|Acupressure|p1a: Barraskewda
|-boost|p1a: Barraskewda|spa|2
|move|p2a: Ferrothorn|Leech Seed||[still]
|-fail|p2a: Ferrothorn
|
|upkeep
|turn|8
|
|move|p1a: Barraskewda|Acupressure|p1a: Barraskewda
|-boost|p1a: Barraskewda|spd|2
|move|p2a: Ferrothorn|Power Whip|p1a: Barraskewda|[miss]
|-miss|p2a: Ferrothorn|p1a: Barraskewda
|
|upkeep
|turn|9
|
|move|p1a: Barraskewda|Acupressure|p1a: Barraskewda
|-boost|p1a: Barraskewda|accuracy|2
|move|p2a: Ferrothorn|Power Whip|p1a: Barraskewda
|-supereffective|p1a: Barraskewda
|-end|p1a: Barraskewda|Substitute
|
|upkeep
|turn|10
|
|move|p1a: Barraskewda|Substitute|p1a: Barraskewda
|-start|p1a: Barraskewda|Substitute
|-damage|p1a: Barraskewda|76/100
|move|p2a: Ferrothorn|Leech Seed||[still]
|-fail|p2a: Ferrothorn
|
|-heal|p1a: Barraskewda|82/100|[from] item: Leftovers
|upkeep
|turn|11
|
|move|p1a: Barraskewda|Acupressure|p1a: Barraskewda
|-boost|p1a: Barraskewda|atk|2
|move|p2a: Ferrothorn|Power Whip|p1a: Barraskewda|[miss]
|-miss|p2a: Ferrothorn|p1a: Barraskewda
|
|-heal|p1a: Barraskewda|88/100|[from] item: Leftovers
|upkeep
|turn|12
|
|switch|p2a: Toxtricity|Toxtricity-Low-Key, F|100/100
|move|p1a: Barraskewda|Acupressure|p1a: Barraskewda
|-boost|p1a: Barraskewda|def|2
|
|-heal|p1a: Barraskewda|94/100|[from] item: Leftovers
|upkeep
|turn|13
|
|move|p1a: Barraskewda|Acupressure|p1a: Barraskewda
|-boost|p1a: Barraskewda|spd|2
|move|p2a: Toxtricity|Taunt|p1a: Barraskewda|[miss]
|-miss|p2a: Toxtricity|p1a: Barraskewda
|
|-heal|p1a: Barraskewda|99/100|[from] item: Leftovers
|upkeep
|turn|14
|
|switch|p2a: Dragapult|Dragapult, F|100/100
|move|p1a: Barraskewda|Acupressure|p1a: Barraskewda
|-boost|p1a: Barraskewda|spe|2
|
|-heal|p1a: Barraskewda|100/100|[from] item: Leftovers
|upkeep
|turn|15
|
|move|p1a: Barraskewda|Acupressure|p1a: Barraskewda
|-boost|p1a: Barraskewda|def|2
|move|p2a: Dragapult|Dragon Dance|p2a: Dragapult
|-boost|p2a: Dragapult|atk|1
|-boost|p2a: Dragapult|spe|1
|
|upkeep
|turn|16
|
|move|p1a: Barraskewda|Acupressure|p1a: Barraskewda
|-boost|p1a: Barraskewda|spe|2
|move|p2a: Dragapult|Dragon Dance|p2a: Dragapult
|-boost|p2a: Dragapult|atk|1
|-boost|p2a: Dragapult|spe|1
|
|upkeep
|turn|17
|
|move|p1a: Barraskewda|Acupressure|p1a: Barraskewda
|-boost|p1a: Barraskewda|spd|2
|move|p2a: Dragapult|Dragon Dance|p2a: Dragapult
|-boost|p2a: Dragapult|atk|1
|-boost|p2a: Dragapult|spe|1
|
|upkeep
|turn|18
|
|move|p1a: Barraskewda|Liquidation|p2a: Dragapult
|-resisted|p2a: Dragapult
|-damage|p2a: Dragapult|44/100
|move|p2a: Dragapult|Dragon Dance|p2a: Dragapult
|-boost|p2a: Dragapult|atk|1
|-boost|p2a: Dragapult|spe|1
|
|upkeep
|turn|19
|
|move|p1a: Barraskewda|Liquidation|p2a: Dragapult
|-resisted|p2a: Dragapult
|-damage|p2a: Dragapult|0 fnt
|faint|p2a: Dragapult
|
|upkeep
|
|switch|p2a: Aegislash|Aegislash, M|100/100
|turn|20
|
|move|p1a: Barraskewda|Liquidation|p2a: Aegislash
|-damage|p2a: Aegislash|39/100
|move|p2a: Aegislash|Swords Dance|p2a: Aegislash
|-boost|p2a: Aegislash|atk|2
|
|upkeep
|turn|21
|
|move|p1a: Barraskewda|Liquidation|p2a: Aegislash
|-damage|p2a: Aegislash|0 fnt
|faint|p2a: Aegislash
|
|upkeep
|n|!Lycaendestroyer|lycaendestroyer
|-message|Lycaendestroyer forfeited.
|
|win|rella.kidd
|l|!Lycaendestroyer
|raw|rella.kidd's rating: 1000 → 1040(+40 for winning)
|raw|Lycaendestroyer's rating: 1000 → 1000(+0 for losing)
