|ScrapeTime|2020-01-01-16:24:57
|j|☆Alkagen101
|j|☆jam's disciples
|player|p1|Alkagen101|lucas-gen4pt|1795
|player|p2|jam's disciples|lusamine-nihilego|1583
|teamsize|p1|6
|teamsize|p2|6
|gametype|singles
|gen|8
|tier|[Gen 8] OU
|rated|
|rule|Sleep Clause Mod: Limit one foe put to sleep
|rule|Species Clause: Limit one of each Pokémon
|rule|OHKO Clause: OHKO moves are banned
|rule|Evasion Moves Clause: Evasion moves are banned
|rule|Endless Battle Clause: Forcing endless battles is banned
|rule|HP Percentage Mod: HP is shown in percentages
|clearpoke
|poke|p1|Ditto|
|poke|p1|Excadrill, F|
|poke|p1|Dracozolt|
|poke|p1|Toxapex, F|
|poke|p1|Corsola-Galar, F|
|poke|p1|Mandibuzz, F|
|poke|p2|Aegislash, M|
|poke|p2|Dragapult, F|
|poke|p2|Clefable, M|
|poke|p2|Rotom-Heat|
|poke|p2|Seismitoad, F|
|poke|p2|Corviknight, F|
|rule|Dynamax Clause: You cannot dynamax
|teampreview
|c|☆jam's disciples|Hf
|inactive|Battle timer is ON: inactive players will automatically lose when time's up. (requested by Alkagen101)
|
|start
|switch|p1a: Ditto|Ditto|100/100
|switch|p2a: Rotom|Rotom-Heat|100/100
|-transform|p1a: Ditto|p2a: Rotom|[from] ability: Imposter
|turn|1
|
|move|p1a: Ditto|Volt Switch|p2a: Rotom
|-resisted|p2a: Rotom
|-damage|p2a: Rotom|81/100
|
|switch|p1a: Corsola|Corsola-Galar, F|100/100|[from]move: Volt Switch
|move|p2a: Rotom|Will-O-Wisp|p1a: Corsola
|-status|p1a: Corsola|brn
|
|-damage|p1a: Corsola|94/100 brn|[from] brn
|upkeep
|turn|2
|
|move|p2a: Rotom|Nasty Plot|p2a: Rotom
|-boost|p2a: Rotom|spa|2
|move|p1a: Corsola|Stealth Rock|p2a: Rotom
|-sidestart|p2: jam's disciples|move: Stealth Rock
|
|-damage|p1a: Corsola|88/100 brn|[from] brn
|upkeep
|turn|3
|
|switch|p1a: Ditto|Ditto|100/100
|-transform|p1a: Ditto|p2a: Rotom|[from] ability: Imposter
|move|p2a: Rotom|Overheat|p1a: Ditto
|-resisted|p1a: Ditto
|-damage|p1a: Ditto|37/100
|-unboost|p2a: Rotom|spa|2
|
|upkeep
|turn|4
|inactive|jam's disciples has 120 seconds left.
|inactive|jam's disciples has 90 seconds left.
|
|switch|p2a: Seismitoad|Seismitoad, F|100/100
|-damage|p2a: Seismitoad|94/100|[from] Stealth Rock
|move|p1a: Ditto|Overheat|p2a: Seismitoad
|-resisted|p2a: Seismitoad
|-damage|p2a: Seismitoad|35/100
|-unboost|p1a: Ditto|spa|2
|
|-heal|p2a: Seismitoad|41/100|[from] item: Leftovers
|upkeep
|turn|5
|
|switch|p1a: Toxapex|Toxapex, F|100/100
|switch|p2a: Clefable|Clefable, M|100/100
|
|upkeep
|turn|6
|inactive|jam's disciples has 60 seconds left.
|
|move|p2a: Clefable|Wish|p2a: Clefable
|move|p1a: Toxapex|Scald|p2a: Clefable
|-damage|p2a: Clefable|89/100
|
|-heal|p2a: Clefable|95/100|[from] item: Leftovers
|upkeep
|turn|7
|
|switch|p2a: Seismitoad|Seismitoad, F|41/100
|-damage|p2a: Seismitoad|35/100|[from] Stealth Rock
|move|p1a: Toxapex|Toxic|p2a: Seismitoad
|-status|p2a: Seismitoad|tox
|
|-heal|p2a: Seismitoad|82/100 tox|[from] move: Wish|[wisher] Clefable
|-heal|p2a: Seismitoad|88/100 tox|[from] item: Leftovers
|-damage|p2a: Seismitoad|82/100 tox|[from] psn
|upkeep
|turn|8
|inactive|jam's disciples has 60 seconds left.
|
|switch|p1a: Dracozolt|Dracozolt|100/100
|move|p2a: Seismitoad|Stealth Rock|p1a: Dracozolt
|-sidestart|p1: Alkagen101|move: Stealth Rock
|
|-heal|p2a: Seismitoad|88/100 tox|[from] item: Leftovers
|-damage|p2a: Seismitoad|76/100 tox|[from] psn
|upkeep
|turn|9
|
|move|p1a: Dracozolt|Substitute|p1a: Dracozolt
|-start|p1a: Dracozolt|Substitute
|-damage|p1a: Dracozolt|76/100
|move|p2a: Seismitoad|Earthquake|p1a: Dracozolt
|-supereffective|p1a: Dracozolt
|-crit|p1a: Dracozolt
|-end|p1a: Dracozolt|Substitute
|
|-heal|p1a: Dracozolt|82/100|[from] item: Leftovers
|-heal|p2a: Seismitoad|82/100 tox|[from] item: Leftovers
|-damage|p2a: Seismitoad|64/100 tox|[from] psn
|upkeep
|turn|10
|
|move|p1a: Dracozolt|Substitute|p1a: Dracozolt
|-start|p1a: Dracozolt|Substitute
|-damage|p1a: Dracozolt|57/100
|move|p2a: Seismitoad|Earthquake|p1a: Dracozolt
|-supereffective|p1a: Dracozolt
|-end|p1a: Dracozolt|Substitute
|
|-heal|p1a: Dracozolt|63/100|[from] item: Leftovers
|-heal|p2a: Seismitoad|70/100 tox|[from] item: Leftovers
|-damage|p2a: Seismitoad|46/100 tox|[from] psn
|upkeep
|turn|11
|
|switch|p1a: Mandibuzz|Mandibuzz, F|100/100
|switch|p2a: Dragapult|Dragapult, F|100/100
|-damage|p2a: Dragapult|88/100|[from] Stealth Rock
|
|upkeep
|turn|12
|
|switch|p2a: Rotom|Rotom-Heat|81/100
|move|p1a: Mandibuzz|Knock Off|p2a: Rotom
|-damage|p2a: Rotom|48/100
|-enditem|p2a: Rotom|Heavy-Duty Boots|[from] move: Knock Off|[of] p1a: Mandibuzz
|
|upkeep
|turn|13
|c|☆jam's disciples|Im bad
|c|☆jam's disciples|I had a whole.clef
|inactive|jam's disciples has 60 seconds left.
|c|☆jam's disciples|U click
|inactive|jam's disciples has 30 seconds left.
|inactive|jam's disciples has 20 seconds left.
|
|switch|p2a: Clefable|Clefable, M|95/100
|move|p1a: Mandibuzz|U-turn|p2a: Clefable
|-resisted|p2a: Clefable
|-crit|p2a: Clefable
|-damage|p2a: Clefable|85/100
|inactive|jam's disciples has 25 seconds left this turn.
|
|switch|p1a: Excadrill|Excadrill, F|100/100|[from]move: U-turn
|-damage|p1a: Excadrill|97/100|[from] Stealth Rock
|-ability|p1a: Excadrill|Mold Breaker
|
|-heal|p1a: Excadrill|100/100|[from] item: Leftovers
|-heal|p2a: Clefable|91/100|[from] item: Leftovers
|upkeep
|turn|14
|inactive|jam's disciples has 30 seconds left.
|inactive|jam's disciples has 20 seconds left.
|inactive|jam's disciples has 15 seconds left.
|inactive|jam's disciples has 10 seconds left.
|
|switch|p2a: Corviknight|Corviknight, F|100/100
|-damage|p2a: Corviknight|88/100|[from] Stealth Rock
|-ability|p2a: Corviknight|Pressure
|move|p1a: Excadrill|Iron Head|p2a: Corviknight
|-resisted|p2a: Corviknight
|-damage|p2a: Corviknight|74/100
|
|-heal|p2a: Corviknight|80/100|[from] item: Leftovers
|upkeep
|turn|15
|inactive|jam's disciples has 20 seconds left this turn.
|inactive|jam's disciples has 15 seconds left.
|inactive|jam's disciples has 10 seconds left.
|
|move|p1a: Excadrill|Swords Dance|p1a: Excadrill
|-boost|p1a: Excadrill|atk|2
|move|p2a: Corviknight|Body Press|p1a: Excadrill
|-supereffective|p1a: Excadrill
|-damage|p1a: Excadrill|22/100
|
|-heal|p1a: Excadrill|28/100|[from] item: Leftovers
|-heal|p2a: Corviknight|87/100|[from] item: Leftovers
|upkeep
|turn|16
|inactive|jam's disciples has 20 seconds left this turn.
|inactive|jam's disciples has 15 seconds left.
|
|move|p1a: Excadrill|Rapid Spin|p2a: Corviknight
|-resisted|p2a: Corviknight
|-damage|p2a: Corviknight|76/100
|-sideend|p1: Alkagen101|Stealth Rock|[from] move: Rapid Spin|[of] p1a: Excadrill
|-boost|p1a: Excadrill|spe|1
|move|p2a: Corviknight|U-turn|p1a: Excadrill
|-resisted|p1a: Excadrill
|-damage|p1a: Excadrill|18/100
|inactive|jam's disciples has 20 seconds left this turn.
|inactive|jam's disciples has 15 seconds left.
|inactive|jam's disciples has 10 seconds left.
|
|switch|p2a: Rotom|Rotom-Heat|48/100|[from]move: U-turn
|-damage|p2a: Rotom|23/100|[from] Stealth Rock
|
|-heal|p1a: Excadrill|24/100|[from] item: Leftovers
|upkeep
|turn|17
|inactive|jam's disciples has 20 seconds left this turn.
|inactive|jam's disciples has 15 seconds left.
|
|switch|p2a: Corviknight|Corviknight, F|76/100
|-damage|p2a: Corviknight|64/100|[from] Stealth Rock
|-ability|p2a: Corviknight|Pressure
|move|p1a: Excadrill|Earthquake|p2a: Corviknight
|-immune|p2a: Corviknight
|
|-heal|p1a: Excadrill|30/100|[from] item: Leftovers
|-heal|p2a: Corviknight|70/100|[from] item: Leftovers
|upkeep
|turn|18
|inactive|jam's disciples has 25 seconds left this turn.
|inactive|jam's disciples has 20 seconds left.
|c|☆jam's disciples|I swear i misclicked
|inactive|jam's disciples has 15 seconds left.
|
|switch|p1a: Ditto|Ditto|37/100
|-transform|p1a: Ditto|p2a: Corviknight|[from] ability: Imposter
|-ability|p1a: Ditto|Pressure
|move|p2a: Corviknight|Body Press|p1a: Ditto
|-damage|p1a: Ditto|16/100
|
|-heal|p2a: Corviknight|76/100|[from] item: Leftovers
|upkeep
|turn|19
|inactive|jam's disciples has 25 seconds left this turn.
|
|move|p1a: Ditto|Roost|p1a: Ditto
|-heal|p1a: Ditto|66/100
|-singleturn|p1a: Ditto|move: Roost
|move|p2a: Corviknight|Body Press|p1a: Ditto
|-supereffective|p1a: Ditto
|-crit|p1a: Ditto
|-damage|p1a: Ditto|3/100
|
|-heal|p2a: Corviknight|82/100|[from] item: Leftovers
|upkeep
|turn|20
|
|move|p1a: Ditto|Roost|p1a: Ditto
|-heal|p1a: Ditto|53/100
|-singleturn|p1a: Ditto|move: Roost
|move|p2a: Corviknight|Body Press|p1a: Ditto
|-supereffective|p1a: Ditto
|-damage|p1a: Ditto|14/100
|
|-heal|p2a: Corviknight|89/100|[from] item: Leftovers
|upkeep
|turn|21
|
|move|p1a: Ditto|Roost|p1a: Ditto
|-heal|p1a: Ditto|64/100
|-singleturn|p1a: Ditto|move: Roost
|move|p2a: Corviknight|Body Press|p1a: Ditto
|-supereffective|p1a: Ditto
|-damage|p1a: Ditto|20/100
|
|-heal|p2a: Corviknight|95/100|[from] item: Leftovers
|upkeep
|turn|22
|
|move|p1a: Ditto|Roost|p1a: Ditto
|-heal|p1a: Ditto|70/100
|-singleturn|p1a: Ditto|move: Roost
|move|p2a: Corviknight|Body Press|p1a: Ditto
|-supereffective|p1a: Ditto
|-damage|p1a: Ditto|26/100
|
|-heal|p2a: Corviknight|100/100|[from] item: Leftovers
|upkeep
|turn|23
|
|move|p1a: Ditto|Roost|p1a: Ditto
|-heal|p1a: Ditto|76/100
|-singleturn|p1a: Ditto|move: Roost
|move|p2a: Corviknight|Body Press|p1a: Ditto
|-supereffective|p1a: Ditto
|-damage|p1a: Ditto|33/100
|
|upkeep
|turn|24
|
|switch|p1a: Toxapex|Toxapex, F|100/100
|move|p2a: Corviknight|Defog|p1a: Toxapex
|-unboost|p1a: Toxapex|evasion|1
|-sideend|p2: jam's disciples|Stealth Rock|[from] move: Defog|[of] p2a: Corviknight
|
|upkeep
|turn|25
|inactive|jam's disciples has 60 seconds left.
|
|switch|p1a: Corsola|Corsola-Galar, F|88/100 brn
|move|p2a: Corviknight|U-turn|p1a: Corsola
|-resisted|p1a: Corsola
|-damage|p1a: Corsola|85/100 brn
|-start|p2a: Corviknight|Disable|U-turn|[from] ability: Cursed Body|[of] p1a: Corsola
|
|switch|p2a: Aegislash|Aegislash, M|100/100|[from]move: U-turn
|
|-damage|p1a: Corsola|79/100 brn|[from] brn
|upkeep
|turn|26
|
|switch|p1a: Mandibuzz|Mandibuzz, F|100/100
|-formechange|p2a: Aegislash|Aegislash-Blade||[from] ability: Stance Change
|move|p2a: Aegislash|Steel Beam|p1a: Mandibuzz
|-damage|p1a: Mandibuzz|29/100
|-damage|p2a: Aegislash|50/100|[from] mindblown
|
|upkeep
|turn|27
|inactive|jam's disciples has 30 seconds left.
|
|switch|p2a: Clefable|Clefable, M|91/100
|move|p1a: Mandibuzz|Knock Off|p2a: Clefable
|-resisted|p2a: Clefable
|-damage|p2a: Clefable|78/100
|-enditem|p2a: Clefable|Leftovers|[from] move: Knock Off|[of] p1a: Mandibuzz
|
|upkeep
|turn|28
|
|move|p1a: Mandibuzz|Roost|p1a: Mandibuzz
|-heal|p1a: Mandibuzz|79/100
|-singleturn|p1a: Mandibuzz|move: Roost
|move|p2a: Clefable|Wish|p2a: Clefable
|
|upkeep
|turn|29
|
|switch|p2a: Rotom|Rotom-Heat|23/100
|move|p1a: Mandibuzz|U-turn|p2a: Rotom
|-resisted|p2a: Rotom
|-crit|p2a: Rotom
|-damage|p2a: Rotom|11/100
|
|switch|p1a: Excadrill|Excadrill, F|30/100|[from]move: U-turn
|-ability|p1a: Excadrill|Mold Breaker
|
|-heal|p2a: Rotom|93/100|[from] move: Wish|[wisher] Clefable
|-heal|p1a: Excadrill|36/100|[from] item: Leftovers
|upkeep
|turn|30
|
|switch|p1a: Dracozolt|Dracozolt|63/100
|switch|p2a: Corviknight|Corviknight, F|100/100
|-ability|p2a: Corviknight|Pressure
|
|-heal|p1a: Dracozolt|69/100|[from] item: Leftovers
|upkeep
|turn|31
|
|move|p1a: Dracozolt|Dragon Claw|p2a: Corviknight
|-resisted|p2a: Corviknight
|-damage|p2a: Corviknight|82/100
|move|p2a: Corviknight|U-turn|p1a: Dracozolt
|-damage|p1a: Dracozolt|52/100
|
|switch|p2a: Dragapult|Dragapult, F|88/100|[from]move: U-turn
|
|-heal|p1a: Dracozolt|59/100|[from] item: Leftovers
|upkeep
|turn|32
|
|switch|p1a: Mandibuzz|Mandibuzz, F|79/100
|move|p2a: Dragapult|Dragon Darts|p1a: Mandibuzz
|-damage|p1a: Mandibuzz|55/100
|-damage|p1a: Mandibuzz|30/100
|-hitcount|p1a: Mandibuzz|2
|-damage|p2a: Dragapult|78/100|[from] item: Life Orb
|
|upkeep
|turn|33
|inactive|jam's disciples has 30 seconds left.
|
|switch|p1a: Toxapex|Toxapex, F|100/100
|move|p2a: Dragapult|Dragon Darts|p1a: Toxapex
|-damage|p1a: Toxapex|80/100
|-damage|p1a: Toxapex|61/100
|-hitcount|p1a: Toxapex|2
|-damage|p2a: Dragapult|69/100|[from] item: Life Orb
|
|upkeep
|turn|34
|inactive|jam's disciples has 30 seconds left.
|inactive|jam's disciples has 20 seconds left.
|inactive|jam's disciples has 15 seconds left.
|inactive|jam's disciples has 10 seconds left.
|
|switch|p2a: Clefable|Clefable, M|78/100
|move|p1a: Toxapex|Recover|p1a: Toxapex
|-heal|p1a: Toxapex|100/100
|
|upkeep
|turn|35
|inactive|jam's disciples has 20 seconds left this turn.
|
|switch|p1a: Excadrill|Excadrill, F|36/100
|-ability|p1a: Excadrill|Mold Breaker
|move|p2a: Clefable|Wish|p2a: Clefable
|
|-heal|p1a: Excadrill|42/100|[from] item: Leftovers
|upkeep
|turn|36
|inactive|jam's disciples has 30 seconds left this turn.
|inactive|jam's disciples has 20 seconds left.
|
|switch|p2a: Seismitoad|Seismitoad, F|46/100 tox
|move|p1a: Excadrill|Swords Dance|p1a: Excadrill
|-boost|p1a: Excadrill|atk|2
|
|-heal|p2a: Seismitoad|93/100 tox|[from] move: Wish|[wisher] Clefable
|-heal|p1a: Excadrill|48/100|[from] item: Leftovers
|-heal|p2a: Seismitoad|99/100 tox|[from] item: Leftovers
|-damage|p2a: Seismitoad|93/100 tox|[from] psn
|upkeep
|turn|37
|inactive|jam's disciples has 30 seconds left this turn.
|inactive|jam's disciples has 20 seconds left.
|
|move|p1a: Excadrill|Iron Head|p2a: Seismitoad
|-resisted|p2a: Seismitoad
|-damage|p2a: Seismitoad|63/100 tox
|move|p2a: Seismitoad|Scald|p1a: Excadrill
|-supereffective|p1a: Excadrill
|-damage|p1a: Excadrill|0 fnt
|faint|p1a: Excadrill
|
|-heal|p2a: Seismitoad|69/100 tox|[from] item: Leftovers
|-damage|p2a: Seismitoad|57/100 tox|[from] psn
|upkeep
|inactive|jam's disciples has 25 seconds left this turn.
|-message|Alkagen101 forfeited.
|
|win|jam's disciples
|inactive|jam's disciples has 30 seconds left this turn.
|l|☆Alkagen101
|raw|Alkagen101's rating: 1795 → 1764(-31 for losing)
|raw|jam's disciples's rating: 1583 → 1614(+31 for winning)
