|ScrapeTime|2020-01-01-20:38:34
|j|☆Nate_dogg99
|j|☆vertvsworld
|player|p1|Nate_dogg99|265|1000
|player|p2|vertvsworld|red|1019
|teamsize|p1|6
|teamsize|p2|6
|gametype|singles
|gen|8
|tier|[Gen 8] OU
|rated|
|rule|Sleep Clause Mod: Limit one foe put to sleep
|rule|Species Clause: Limit one of each Pokémon
|rule|OHKO Clause: OHKO moves are banned
|rule|Evasion Moves Clause: Evasion moves are banned
|rule|Endless Battle Clause: Forcing endless battles is banned
|rule|HP Percentage Mod: HP is shown in percentages
|clearpoke
|poke|p1|Rotom-Wash|
|poke|p1|Corviknight, M|
|poke|p1|Conkeldurr, F|
|poke|p1|Cinderace, M|
|poke|p1|Gyarados, F|
|poke|p1|Hydreigon, M|
|poke|p2|Hydreigon, F|
|poke|p2|Clefable, F|
|poke|p2|Seismitoad, F|
|poke|p2|Ditto|
|poke|p2|Corviknight, M|
|poke|p2|Gyarados, F|
|rule|Dynamax Clause: You cannot dynamax
|teampreview
|
|start
|switch|p1a: bRiNg tHe hEaT|Rotom-Wash, shiny|100/100
|switch|p2a: Ditto|Ditto, shiny|100/100
|-transform|p2a: Ditto|p1a: bRiNg tHe hEaT|[from] ability: Imposter
|turn|1
|
|switch|p1a: gOn|Hydreigon, M|100/100
|move|p2a: Ditto|Will-O-Wisp|p1a: gOn
|-status|p1a: gOn|brn
|
|-damage|p1a: gOn|94/100 brn|[from] brn
|upkeep
|turn|2
|
|switch|p2a: Hydreigon|Hydreigon, F|100/100
|move|p1a: gOn|Dragon Pulse|p2a: Hydreigon
|-supereffective|p2a: Hydreigon
|-damage|p2a: Hydreigon|0 fnt
|-damage|p1a: gOn|85/100 brn|[from] item: Life Orb
|faint|p2a: Hydreigon
|
|-damage|p1a: gOn|78/100 brn|[from] brn
|upkeep
|
|switch|p2a: Ditto|Ditto, shiny|100/100
|-transform|p2a: Ditto|p1a: gOn|[from] ability: Imposter
|turn|3
|
|move|p2a: Ditto|Dragon Pulse|p1a: gOn
|-supereffective|p1a: gOn
|-damage|p1a: gOn|0 fnt
|faint|p1a: gOn
|
|upkeep
|
|switch|p1a: dUrK|Conkeldurr, F|100/100
|turn|4
|
|switch|p2a: Gyarados|Gyarados, F, shiny|100/100
|move|p1a: dUrK|Ice Punch|p2a: Gyarados
|-damage|p2a: Gyarados|43/100
|-damage|p1a: dUrK|91/100|[from] item: Life Orb
|
|-status|p2a: Gyarados|brn|[from] item: Flame Orb
|upkeep
|turn|5
|
|move|p2a: Gyarados|Facade|p1a: dUrK
|-damage|p1a: dUrK|44/100
|move|p1a: dUrK|Thunder Punch|p2a: Gyarados
|-supereffective|p2a: Gyarados
|-damage|p2a: Gyarados|0 fnt
|-damage|p1a: dUrK|34/100|[from] item: Life Orb
|faint|p2a: Gyarados
|
|upkeep
|
|switch|p2a: Ditto|Ditto, shiny|100/100
|-transform|p2a: Ditto|p1a: dUrK|[from] ability: Imposter
|turn|6
|
|switch|p1a: dOs|Gyarados, F, shiny|100/100
|move|p2a: Ditto|Drain Punch|p1a: dOs
|-resisted|p1a: dOs
|-damage|p1a: dOs|68/100
|
|upkeep
|turn|7
|
|switch|p2a: Clefable|Clefable, F|100/100
|move|p1a: dOs|Bounce||[still]
|-prepare|p1a: dOs|Bounce|p2a: Clefable
|
|upkeep
|turn|8
|
|move|p1a: dOs|Bounce|p2a: Clefable|[from]lockedmove
|-crit|p2a: Clefable
|-damage|p2a: Clefable|15/100
|move|p2a: Clefable|Thunderbolt|p1a: dOs
|-supereffective|p1a: dOs
|-damage|p1a: dOs|0 fnt
|faint|p1a: dOs
|
|upkeep
|
|switch|p1a: bUns|Cinderace, M|100/100
|turn|9
|
|switch|p2a: Ditto|Ditto, shiny|100/100
|-transform|p2a: Ditto|p1a: bUns|[from] ability: Imposter
|move|p1a: bUns|Gunk Shot|p2a: Ditto|[miss]
|-miss|p1a: bUns|p2a: Ditto
|
|upkeep
|turn|10
|
|switch|p1a: bRiNg tHe hEaT|Rotom-Wash, shiny|100/100
|move|p2a: Ditto|U-turn|p1a: bRiNg tHe hEaT
|-damage|p1a: bRiNg tHe hEaT|72/100
|
|switch|p2a: Seismitoad|Seismitoad, F|100/100|[from]move: U-turn
|
|-heal|p1a: bRiNg tHe hEaT|78/100|[from] item: Leftovers
|upkeep
|turn|11
|
|move|p1a: bRiNg tHe hEaT|Rain Dance|p1a: bRiNg tHe hEaT
|-weather|RainDance
|move|p2a: Seismitoad|Stealth Rock|p1a: bRiNg tHe hEaT
|-sidestart|p1: Nate_dogg99|move: Stealth Rock
|
|-weather|RainDance|[upkeep]
|-heal|p1a: bRiNg tHe hEaT|84/100|[from] item: Leftovers
|upkeep
|turn|12
|
|move|p1a: bRiNg tHe hEaT|Hydro Pump|p2a: Seismitoad
|-immune|p2a: Seismitoad|[from] ability: Water Absorb
|move|p2a: Seismitoad|Toxic|p1a: bRiNg tHe hEaT
|-status|p1a: bRiNg tHe hEaT|tox
|
|-weather|RainDance|[upkeep]
|-heal|p1a: bRiNg tHe hEaT|91/100 tox|[from] item: Leftovers
|-damage|p1a: bRiNg tHe hEaT|84/100 tox|[from] psn
|upkeep
|turn|13
|
|switch|p1a: kNiGhT|Corviknight, M|100/100
|-damage|p1a: kNiGhT|88/100|[from] Stealth Rock
|-ability|p1a: kNiGhT|Pressure
|move|p2a: Seismitoad|Scald|p1a: kNiGhT
|-damage|p1a: kNiGhT|50/100
|-status|p1a: kNiGhT|brn
|
|-weather|RainDance|[upkeep]
|-damage|p1a: kNiGhT|44/100 brn|[from] brn
|upkeep
|turn|14
|
|switch|p2a: Ditto|Ditto, shiny|100/100
|-transform|p2a: Ditto|p1a: kNiGhT|[from] ability: Imposter
|-ability|p2a: Ditto|Pressure
|move|p1a: kNiGhT|Body Press|p2a: Ditto
|-damage|p2a: Ditto|91/100
|
|-weather|RainDance|[upkeep]
|-damage|p1a: kNiGhT|38/100 brn|[from] brn
|upkeep
|turn|15
|
|switch|p1a: bUns|Cinderace, M|100/100
|-damage|p1a: bUns|76/100|[from] Stealth Rock
|move|p2a: Ditto|Defog|p1a: bUns
|-unboost|p1a: bUns|evasion|1
|-sideend|p1: Nate_dogg99|Stealth Rock|[from] move: Defog|[of] p2a: Ditto
|
|-weather|none
|upkeep
|turn|16
|
|switch|p2a: Seismitoad|Seismitoad, F|100/100
|move|p1a: bUns|Pyro Ball|p2a: Seismitoad
|-resisted|p2a: Seismitoad
|-crit|p2a: Seismitoad
|-damage|p2a: Seismitoad|59/100
|-damage|p1a: bUns|66/100|[from] item: Life Orb
|
|-heal|p2a: Seismitoad|65/100|[from] item: Leftovers
|upkeep
|turn|17
|
|move|p1a: bUns|U-turn|p2a: Seismitoad
|-damage|p2a: Seismitoad|41/100
|-damage|p1a: bUns|56/100|[from] item: Life Orb
|
|switch|p1a: bRiNg tHe hEaT|Rotom-Wash, shiny|84/100 tox|[from]move: U-turn
|move|p2a: Seismitoad|Earthquake|p1a: bRiNg tHe hEaT
|-immune|p1a: bRiNg tHe hEaT|[from] ability: Levitate
|
|-heal|p1a: bRiNg tHe hEaT|91/100 tox|[from] item: Leftovers
|-heal|p2a: Seismitoad|47/100|[from] item: Leftovers
|-damage|p1a: bRiNg tHe hEaT|84/100 tox|[from] psn
|upkeep
|turn|18
|
|switch|p2a: Ditto|Ditto, shiny|91/100
|-transform|p2a: Ditto|p1a: bRiNg tHe hEaT|[from] ability: Imposter
|move|p1a: bRiNg tHe hEaT|Hydro Pump|p2a: Ditto|[miss]
|-miss|p1a: bRiNg tHe hEaT|p2a: Ditto
|
|-heal|p1a: bRiNg tHe hEaT|91/100 tox|[from] item: Leftovers
|-damage|p1a: bRiNg tHe hEaT|78/100 tox|[from] psn
|upkeep
|turn|19
|
|move|p2a: Ditto|Thunder|p1a: bRiNg tHe hEaT|[miss]
|-miss|p2a: Ditto|p1a: bRiNg tHe hEaT
|move|p1a: bRiNg tHe hEaT|Will-O-Wisp|p2a: Ditto
|-status|p2a: Ditto|brn
|
|-heal|p1a: bRiNg tHe hEaT|84/100 tox|[from] item: Leftovers
|-damage|p2a: Ditto|85/100 brn|[from] brn
|-damage|p1a: bRiNg tHe hEaT|66/100 tox|[from] psn
|upkeep
|turn|20
|
|move|p2a: Ditto|Thunder|p1a: bRiNg tHe hEaT
|-damage|p1a: bRiNg tHe hEaT|9/100 tox
|move|p1a: bRiNg tHe hEaT|Thunder|p2a: Ditto
|-damage|p2a: Ditto|38/100 brn
|
|-heal|p1a: bRiNg tHe hEaT|15/100 tox|[from] item: Leftovers
|-damage|p2a: Ditto|32/100 brn|[from] brn
|-damage|p1a: bRiNg tHe hEaT|0 fnt|[from] psn
|faint|p1a: bRiNg tHe hEaT
|upkeep
|
|switch|p1a: kNiGhT|Corviknight, M|38/100 brn
|-ability|p1a: kNiGhT|Pressure
|turn|21
|
|move|p2a: Ditto|Thunder|p1a: kNiGhT|[miss]
|-miss|p2a: Ditto|p1a: kNiGhT
|move|p1a: kNiGhT|Body Press|p2a: Ditto
|-damage|p2a: Ditto|21/100 brn
|
|-damage|p2a: Ditto|15/100 brn|[from] brn
|-damage|p1a: kNiGhT|32/100 brn|[from] brn
|upkeep
|turn|22
|
|move|p2a: Ditto|Thunder|p1a: kNiGhT
|-supereffective|p1a: kNiGhT
|-damage|p1a: kNiGhT|0 fnt
|faint|p1a: kNiGhT
|
|-damage|p2a: Ditto|9/100 brn|[from] brn
|upkeep
|
|switch|p1a: dUrK|Conkeldurr, F|34/100
|turn|23
|
|switch|p2a: Seismitoad|Seismitoad, F|47/100
|move|p1a: dUrK|Drain Punch|p2a: Seismitoad
|-damage|p2a: Seismitoad|0 fnt
|-heal|p1a: dUrK|59/100|[from] drain|[of] p2a: Seismitoad
|-damage|p1a: dUrK|49/100|[from] item: Life Orb
|faint|p2a: Seismitoad
|
|upkeep
|
|switch|p2a: Ditto|Ditto, shiny|9/100 brn
|-transform|p2a: Ditto|p1a: dUrK|[from] ability: Imposter
|turn|24
|
|move|p2a: Ditto|Drain Punch|p1a: dUrK
|-crit|p1a: dUrK
|-damage|p1a: dUrK|13/100
|-heal|p2a: Ditto|32/100 brn|[from] drain|[of] p1a: dUrK
|move|p1a: dUrK|Drain Punch|p2a: Ditto
|-damage|p2a: Ditto|0 fnt
|-heal|p1a: dUrK|26/100|[from] drain|[of] p2a: Ditto
|-damage|p1a: dUrK|16/100|[from] item: Life Orb
|faint|p2a: Ditto
|
|upkeep
|
|switch|p2a: Clefable|Clefable, F|15/100
|turn|25
|
|move|p2a: Clefable|Moonblast|p1a: dUrK
|-supereffective|p1a: dUrK
|-damage|p1a: dUrK|0 fnt
|faint|p1a: dUrK
|
|upkeep
|
|switch|p1a: bUns|Cinderace, M|56/100
|turn|26
|
|move|p1a: bUns|Gunk Shot|p2a: Clefable|[miss]
|-miss|p1a: bUns|p2a: Clefable
|move|p2a: Clefable|Moonblast|p1a: bUns
|-resisted|p1a: bUns
|-damage|p1a: bUns|13/100
|-unboost|p1a: bUns|spa|1
|
|upkeep
|turn|27
|
|move|p1a: bUns|Pyro Ball|p2a: Clefable
|-damage|p2a: Clefable|0 fnt
|-damage|p1a: bUns|3/100|[from] item: Life Orb
|faint|p2a: Clefable
|
|upkeep
|
|switch|p2a: Corviknight|Corviknight, M|100/100
|-ability|p2a: Corviknight|Pressure
|turn|28
|
|move|p1a: bUns|Pyro Ball|p2a: Corviknight
|-supereffective|p2a: Corviknight
|-damage|p2a: Corviknight|0 fnt
|-damage|p1a: bUns|0 fnt|[from] item: Life Orb
|faint|p2a: Corviknight
|faint|p1a: bUns
|
|win|Nate_dogg99
|c|☆vertvsworld|lol gg
|l|☆vertvsworld
|raw|Nate_dogg99's rating: 1000 → 1041(+41 for winning)
|raw|vertvsworld's rating: 1008 → 1000(-8 for losing)
