|ScrapeTime|2020-01-01-16:55:17
|j|☆ogmob
|j|☆Sart2
|player|p1|ogmob|acetrainersnow|1166
|player|p2|Sart2|156|1154
|teamsize|p1|6
|teamsize|p2|6
|gametype|singles
|gen|8
|tier|[Gen 8] OU
|rated|
|rule|Sleep Clause Mod: Limit one foe put to sleep
|rule|Species Clause: Limit one of each Pokémon
|rule|OHKO Clause: OHKO moves are banned
|rule|Evasion Moves Clause: Evasion moves are banned
|rule|Endless Battle Clause: Forcing endless battles is banned
|rule|HP Percentage Mod: HP is shown in percentages
|clearpoke
|poke|p1|Dragapult, F|
|poke|p1|Clefable, M|
|poke|p1|Seismitoad, M|
|poke|p1|Cinderace, M|
|poke|p1|Vikavolt, F|
|poke|p1|Mandibuzz, F|
|poke|p2|Clefable, F|
|poke|p2|Conkeldurr, F|
|poke|p2|Corviknight, F|
|poke|p2|Hydreigon, F|
|poke|p2|Rotom-Heat|
|poke|p2|Seismitoad, F|
|rule|Dynamax Clause: You cannot dynamax
|teampreview
|inactive|Battle timer is ON: inactive players will automatically lose when time's up. (requested by Sart2)
|
|start
|switch|p1a: Cinderace|Cinderace, M|100/100
|switch|p2a: Seismitoad|Seismitoad, F|100/100
|turn|1
|
|move|p1a: Cinderace|Taunt|p2a: Seismitoad
|-start|p2a: Seismitoad|move: Taunt
|cant|p2a: Seismitoad|move: Taunt|Toxic
|
|upkeep
|turn|2
|
|switch|p1a: Seismitoad|Seismitoad, M|100/100
|move|p2a: Seismitoad|Earthquake|p1a: Seismitoad
|-damage|p1a: Seismitoad|75/100
|
|upkeep
|turn|3
|
|switch|p2a: Corviknight|Corviknight, F|100/100
|-ability|p2a: Corviknight|Pressure
|move|p1a: Seismitoad|Toxic|p2a: Corviknight
|-immune|p2a: Corviknight
|
|upkeep
|turn|4
|
|move|p1a: Seismitoad|Scald|p2a: Corviknight
|-damage|p2a: Corviknight|80/100
|move|p2a: Corviknight|U-turn|p1a: Seismitoad
|-damage|p1a: Seismitoad|65/100
|-damage|p2a: Corviknight|63/100|[from] item: Rocky Helmet|[of] p1a: Seismitoad
|
|switch|p2a: Seismitoad|Seismitoad, F|100/100|[from]move: U-turn
|
|upkeep
|turn|5
|
|switch|p2a: Clefable|Clefable, F|100/100
|switch|p1a: Vikavolt|Vikavolt, F|100/100
|
|upkeep
|turn|6
|
|move|p2a: Clefable|Wish|p2a: Clefable
|move|p1a: Vikavolt|Flash Cannon|p2a: Clefable
|-supereffective|p2a: Clefable
|-damage|p2a: Clefable|53/100
|
|-heal|p2a: Clefable|59/100|[from] item: Leftovers
|upkeep
|turn|7
|
|move|p2a: Clefable|Moonblast|p1a: Vikavolt
|-damage|p1a: Vikavolt|75/100
|-unboost|p1a: Vikavolt|spa|1
|move|p1a: Vikavolt|Flash Cannon|p2a: Clefable
|-supereffective|p2a: Clefable
|-damage|p2a: Clefable|25/100
|
|-heal|p2a: Clefable|75/100|[from] move: Wish|[wisher] Clefable
|-heal|p2a: Clefable|81/100|[from] item: Leftovers
|upkeep
|turn|8
|
|switch|p2a: Seismitoad|Seismitoad, F|100/100
|move|p1a: Vikavolt|Flash Cannon|p2a: Seismitoad
|-resisted|p2a: Seismitoad
|-damage|p2a: Seismitoad|88/100
|
|-heal|p2a: Seismitoad|94/100|[from] item: Leftovers
|upkeep
|turn|9
|
|move|p2a: Seismitoad|Stealth Rock|p1a: Vikavolt
|-sidestart|p1: ogmob|move: Stealth Rock
|move|p1a: Vikavolt|Energy Ball|p2a: Seismitoad
|-supereffective|p2a: Seismitoad
|-damage|p2a: Seismitoad|0 fnt
|faint|p2a: Seismitoad
|
|upkeep
|
|switch|p2a: Rotom|Rotom-Heat|100/100
|turn|10
|
|switch|p1a: Seismitoad|Seismitoad, M|65/100
|-damage|p1a: Seismitoad|58/100|[from] Stealth Rock
|move|p2a: Rotom|Nasty Plot|p2a: Rotom
|-boost|p2a: Rotom|spa|2
|
|upkeep
|turn|11
|
|move|p2a: Rotom|Overheat|p1a: Seismitoad
|-resisted|p1a: Seismitoad
|-damage|p1a: Seismitoad|11/100
|-unboost|p2a: Rotom|spa|2
|move|p1a: Seismitoad|Toxic|p2a: Rotom
|-status|p2a: Rotom|tox
|
|-damage|p2a: Rotom|95/100 tox|[from] psn
|upkeep
|turn|12
|
|move|p2a: Rotom|Overheat|p1a: Seismitoad
|-resisted|p1a: Seismitoad
|-damage|p1a: Seismitoad|0 fnt
|-unboost|p2a: Rotom|spa|2
|faint|p1a: Seismitoad
|
|-damage|p2a: Rotom|83/100 tox|[from] psn
|upkeep
|inactive|ogmob has 120 seconds left.
|inactive|ogmob has 90 seconds left.
|inactive|ogmob has 60 seconds left.
|
|switch|p1a: Dragapult|Dragapult, F|100/100
|-damage|p1a: Dragapult|88/100|[from] Stealth Rock
|turn|13
|
|switch|p2a: Clefable|Clefable, F|81/100
|move|p1a: Dragapult|Draco Meteor|p2a: Clefable
|-immune|p2a: Clefable
|
|-heal|p2a: Clefable|87/100|[from] item: Leftovers
|upkeep
|turn|14
|-message|ogmob forfeited.
|
|win|Sart2
|l|☆ogmob
|raw|ogmob's rating: 1166 → 1141(-25 for losing)
|raw|Sart2's rating: 1154 → 1180(+26 for winning)
