|ScrapeTime|2020-01-03-00:18:52
|j|☆kimchijeon
|j|☆dani on wii fit
|player|p1|kimchijeon|3|1416
|player|p2|dani on wii fit|silver-gen2|1420
|teamsize|p1|6
|teamsize|p2|6
|gametype|singles
|gen|8
|tier|[Gen 8] OU
|rated|
|rule|Sleep Clause Mod: Limit one foe put to sleep
|rule|Species Clause: Limit one of each Pokémon
|rule|OHKO Clause: OHKO moves are banned
|rule|Evasion Moves Clause: Evasion moves are banned
|rule|Endless Battle Clause: Forcing endless battles is banned
|rule|HP Percentage Mod: HP is shown in percentages
|clearpoke
|poke|p1|Rotom-Mow|
|poke|p1|Dracovish|
|poke|p1|Corviknight, M|
|poke|p1|Clefable, M|
|poke|p1|Cinderace, M|
|poke|p1|Seismitoad, F|
|poke|p2|Roserade, F|
|poke|p2|Hydreigon, F|
|poke|p2|Clefable, M|
|poke|p2|Torkoal, M|
|poke|p2|Jellicent, M|
|poke|p2|Dracovish|
|rule|Dynamax Clause: You cannot dynamax
|teampreview
|inactive|Battle timer is ON: inactive players will automatically lose when time's up. (requested by dani on wii fit)
|
|start
|switch|p1a: Corviknight|Corviknight, M|100/100
|switch|p2a: Hydreigon|Hydreigon, F|100/100
|-ability|p1a: Corviknight|Pressure
|turn|1
|
|move|p2a: Hydreigon|Flamethrower|p1a: Corviknight
|-supereffective|p1a: Corviknight
|-damage|p1a: Corviknight|61/100
|move|p1a: Corviknight|U-turn|p2a: Hydreigon
|-supereffective|p2a: Hydreigon
|-damage|p2a: Hydreigon|67/100
|
|switch|p1a: Seismitoad|Seismitoad, F|100/100|[from]move: U-turn
|
|upkeep
|turn|2
|
|switch|p2a: Roserade|Roserade, F|100/100
|move|p1a: Seismitoad|Stealth Rock|p2a: Roserade
|-sidestart|p2: dani on wii fit|move: Stealth Rock
|
|upkeep
|turn|3
|
|switch|p2a: Torkoal|Torkoal, M|100/100
|-weather|SunnyDay|[from] ability: Drought|[of] p2a: Torkoal
|switch|p1a: Corviknight|Corviknight, M|61/100
|-ability|p1a: Corviknight|Pressure
|
|-weather|SunnyDay|[upkeep]
|-heal|p1a: Corviknight|68/100|[from] item: Leftovers
|upkeep
|turn|4
|
|switch|p2a: Dracovish|Dracovish|100/100
|-damage|p2a: Dracovish|88/100|[from] Stealth Rock
|move|p1a: Corviknight|U-turn|p2a: Dracovish
|-damage|p2a: Dracovish|73/100
|
|switch|p1a: Rotom|Rotom-Mow|100/100|[from]move: U-turn
|
|-weather|SunnyDay|[upkeep]
|upkeep
|turn|5
|
|switch|p2a: Torkoal|Torkoal, M|100/100
|move|p1a: Rotom|Volt Switch|p2a: Torkoal
|-damage|p2a: Torkoal|66/100
|
|switch|p1a: Seismitoad|Seismitoad, F|100/100|[from]move: Volt Switch
|
|-weather|SunnyDay|[upkeep]
|upkeep
|turn|6
|
|move|p1a: Seismitoad|Toxic|p2a: Torkoal
|-status|p2a: Torkoal|tox
|move|p2a: Torkoal|Rapid Spin|p1a: Seismitoad
|-damage|p1a: Seismitoad|95/100
|-sideend|p2: dani on wii fit|Stealth Rock|[from] move: Rapid Spin|[of] p2a: Torkoal
|-boost|p2a: Torkoal|spe|1
|
|-weather|SunnyDay|[upkeep]
|-heal|p1a: Seismitoad|100/100|[from] item: Leftovers
|-damage|p2a: Torkoal|60/100 tox|[from] psn
|upkeep
|turn|7
|
|move|p1a: Seismitoad|Stealth Rock|p2a: Torkoal
|-sidestart|p2: dani on wii fit|move: Stealth Rock
|move|p2a: Torkoal|Will-O-Wisp|p1a: Seismitoad
|-status|p1a: Seismitoad|brn
|
|-weather|none
|-damage|p1a: Seismitoad|94/100 brn|[from] brn
|-damage|p2a: Torkoal|48/100 tox|[from] psn
|upkeep
|turn|8
|
|move|p1a: Seismitoad|Scald|p2a: Torkoal
|-supereffective|p2a: Torkoal
|-damage|p2a: Torkoal|0 fnt
|faint|p2a: Torkoal
|
|-heal|p1a: Seismitoad|100/100 brn|[from] item: Leftovers
|-damage|p1a: Seismitoad|94/100 brn|[from] brn
|upkeep
|
|switch|p2a: Roserade|Roserade, F|100/100
|-damage|p2a: Roserade|88/100|[from] Stealth Rock
|turn|9
|
|switch|p1a: Rotom|Rotom-Mow|100/100
|move|p2a: Roserade|Sleep Powder|p1a: Rotom
|-immune|p1a: Rotom
|
|upkeep
|turn|10
|
|switch|p1a: Corviknight|Corviknight, M|68/100
|-ability|p1a: Corviknight|Pressure
|move|p2a: Roserade|Sludge Bomb|p1a: Corviknight
|-immune|p1a: Corviknight
|
|-heal|p1a: Corviknight|74/100|[from] item: Leftovers
|upkeep
|turn|11
|
|move|p2a: Roserade|Sleep Powder|p1a: Corviknight|[miss]
|-miss|p2a: Roserade|p1a: Corviknight
|move|p1a: Corviknight|U-turn|p2a: Roserade
|-damage|p2a: Roserade|62/100
|
|switch|p1a: Cinderace|Cinderace, M|100/100|[from]move: U-turn
|
|upkeep
|turn|12
|
|switch|p2a: Jellicent|Jellicent, M|100/100
|-damage|p2a: Jellicent|88/100|[from] Stealth Rock
|move|p1a: Cinderace|Pyro Ball|p2a: Jellicent
|-resisted|p2a: Jellicent
|-damage|p2a: Jellicent|67/100
|
|-heal|p2a: Jellicent|73/100|[from] item: Leftovers
|upkeep
|turn|13
|
|switch|p1a: Rotom|Rotom-Mow|100/100
|move|p2a: Jellicent|Will-O-Wisp|p1a: Rotom
|-status|p1a: Rotom|brn
|
|-heal|p2a: Jellicent|79/100|[from] item: Leftovers
|-damage|p1a: Rotom|95/100 brn|[from] brn
|upkeep
|turn|14
|
|switch|p2a: Clefable|Clefable, M|100/100
|move|p1a: Rotom|Volt Switch|p2a: Clefable
|-damage|p2a: Clefable|80/100
|
|switch|p1a: Dracovish|Dracovish|100/100|[from]move: Volt Switch
|
|-heal|p2a: Clefable|86/100|[from] item: Leftovers
|upkeep
|turn|15
|
|switch|p2a: Jellicent|Jellicent, M|79/100
|-damage|p2a: Jellicent|67/100|[from] Stealth Rock
|move|p1a: Dracovish|Fishious Rend|p2a: Jellicent
|-heal|p2a: Jellicent|92/100|[from] ability: Water Absorb|[of] p1a: Dracovish
|
|-heal|p2a: Jellicent|98/100|[from] item: Leftovers
|upkeep
|turn|16
|
|switch|p1a: Clefable|Clefable, M|100/100
|move|p2a: Jellicent|Will-O-Wisp|p1a: Clefable
|-status|p1a: Clefable|brn
|
|-heal|p2a: Jellicent|100/100|[from] item: Leftovers
|upkeep
|turn|17
|
|switch|p2a: Roserade|Roserade, F|62/100
|-damage|p2a: Roserade|50/100|[from] Stealth Rock
|move|p1a: Clefable|Moonblast|p2a: Roserade
|-resisted|p2a: Roserade
|-damage|p2a: Roserade|15/100
|-unboost|p2a: Roserade|spa|1
|
|upkeep
|turn|18
|
|move|p2a: Roserade|Sludge Bomb|p1a: Clefable
|-supereffective|p1a: Clefable
|-damage|p1a: Clefable|6/100 brn
|-damage|p2a: Roserade|5/100|[from] item: Life Orb
|move|p1a: Clefable|Flamethrower|p2a: Roserade
|-supereffective|p2a: Roserade
|-damage|p2a: Roserade|0 fnt
|faint|p2a: Roserade
|
|upkeep
|
|switch|p2a: Hydreigon|Hydreigon, F|67/100
|-damage|p2a: Hydreigon|55/100|[from] Stealth Rock
|turn|19
|
|switch|p1a: Corviknight|Corviknight, M|74/100
|-ability|p1a: Corviknight|Pressure
|move|p2a: Hydreigon|U-turn|p1a: Corviknight
|-resisted|p1a: Corviknight
|-damage|p1a: Corviknight|71/100
|
|switch|p2a: Dracovish|Dracovish|73/100|[from]move: U-turn
|-damage|p2a: Dracovish|60/100|[from] Stealth Rock
|
|-heal|p1a: Corviknight|77/100|[from] item: Leftovers
|upkeep
|turn|20
|
|switch|p1a: Seismitoad|Seismitoad, F|94/100 brn
|move|p2a: Dracovish|Psychic Fangs|p1a: Seismitoad
|-damage|p1a: Seismitoad|60/100 brn
|
|-heal|p1a: Seismitoad|66/100 brn|[from] item: Leftovers
|-damage|p1a: Seismitoad|60/100 brn|[from] brn
|upkeep
|turn|21
|
|switch|p2a: Clefable|Clefable, M|86/100
|move|p1a: Seismitoad|Toxic|p2a: Clefable
|-status|p2a: Clefable|tox
|
|-heal|p1a: Seismitoad|66/100 brn|[from] item: Leftovers
|-heal|p2a: Clefable|92/100 tox|[from] item: Leftovers
|-damage|p1a: Seismitoad|60/100 brn|[from] brn
|upkeep
|turn|22
|
|switch|p1a: Cinderace|Cinderace, M|100/100
|move|p2a: Clefable|Moonblast|p1a: Cinderace
|-resisted|p1a: Cinderace
|-damage|p1a: Cinderace|82/100
|-unboost|p1a: Cinderace|spa|1
|
|-heal|p2a: Clefable|98/100 tox|[from] item: Leftovers
|upkeep
|turn|23
|
|move|p1a: Cinderace|Pyro Ball|p2a: Clefable|[miss]
|-miss|p1a: Cinderace|p2a: Clefable
|move|p2a: Clefable|Thunder Wave|p1a: Cinderace
|-status|p1a: Cinderace|par
|
|-heal|p2a: Clefable|100/100 tox|[from] item: Leftovers
|upkeep
|turn|24
|
|cant|p1a: Cinderace|par
|move|p2a: Clefable|Moonlight||[still]
|-fail|p2a: Clefable
|
|upkeep
|turn|25
|
|cant|p1a: Cinderace|par
|move|p2a: Clefable|Moonblast|p1a: Cinderace
|-resisted|p1a: Cinderace
|-damage|p1a: Cinderace|60/100 par
|
|upkeep
|turn|26
|
|move|p1a: Cinderace|Gunk Shot|p2a: Clefable|[miss]
|-miss|p1a: Cinderace|p2a: Clefable
|move|p2a: Clefable|Stealth Rock|p1a: Cinderace
|-sidestart|p1: kimchijeon|move: Stealth Rock
|
|upkeep
|turn|27
|
|switch|p2a: Dracovish|Dracovish|60/100
|-damage|p2a: Dracovish|48/100|[from] Stealth Rock
|move|p1a: Cinderace|Gunk Shot|p2a: Dracovish
|-damage|p2a: Dracovish|10/100
|
|upkeep
|turn|28
|
|cant|p1a: Cinderace|par
|move|p2a: Dracovish|Fishious Rend|p1a: Cinderace
|-supereffective|p1a: Cinderace
|-damage|p1a: Cinderace|0 fnt
|faint|p1a: Cinderace
|
|upkeep
|
|switch|p1a: Rotom|Rotom-Mow|95/100 brn
|-damage|p1a: Rotom|82/100 brn|[from] Stealth Rock
|turn|29
|
|move|p1a: Rotom|Discharge|p2a: Dracovish
|-damage|p2a: Dracovish|0 fnt
|faint|p2a: Dracovish
|
|-heal|p1a: Rotom|88/100 brn|[from] item: Leftovers
|-damage|p1a: Rotom|82/100 brn|[from] brn
|upkeep
|
|switch|p2a: Hydreigon|Hydreigon, F|55/100
|-damage|p2a: Hydreigon|43/100|[from] Stealth Rock
|turn|30
|
|switch|p1a: Dracovish|Dracovish|100/100
|-damage|p1a: Dracovish|88/100|[from] Stealth Rock
|move|p2a: Hydreigon|Dark Pulse|p1a: Dracovish
|-damage|p1a: Dracovish|38/100
|
|upkeep
|turn|31
|
|switch|p1a: Clefable|Clefable, M|6/100 brn
|move|p2a: Hydreigon|Dark Pulse|p1a: Clefable
|-resisted|p1a: Clefable
|-damage|p1a: Clefable|0 fnt
|faint|p1a: Clefable
|
|upkeep
|
|switch|p1a: Corviknight|Corviknight, M|77/100
|-damage|p1a: Corviknight|65/100|[from] Stealth Rock
|-ability|p1a: Corviknight|Pressure
|turn|32
|
|move|p2a: Hydreigon|Dark Pulse|p1a: Corviknight
|-damage|p1a: Corviknight|35/100
|move|p1a: Corviknight|Brave Bird|p2a: Hydreigon
|-damage|p2a: Hydreigon|3/100
|-damage|p1a: Corviknight|25/100|[from] Recoil
|
|-heal|p1a: Corviknight|31/100|[from] item: Leftovers
|upkeep
|turn|33
|
|move|p2a: Hydreigon|Dark Pulse|p1a: Corviknight
|-damage|p1a: Corviknight|2/100
|move|p1a: Corviknight|Roost|p1a: Corviknight
|-heal|p1a: Corviknight|52/100
|-singleturn|p1a: Corviknight|move: Roost
|
|-heal|p1a: Corviknight|59/100|[from] item: Leftovers
|upkeep
|turn|34
|
|move|p2a: Hydreigon|Dark Pulse|p1a: Corviknight
|-damage|p1a: Corviknight|30/100
|cant|p1a: Corviknight|flinch
|
|-heal|p1a: Corviknight|36/100|[from] item: Leftovers
|upkeep
|turn|35
|
|move|p2a: Hydreigon|Dark Pulse|p1a: Corviknight
|-damage|p1a: Corviknight|6/100
|cant|p1a: Corviknight|flinch
|
|-heal|p1a: Corviknight|12/100|[from] item: Leftovers
|upkeep
|turn|36
|
|move|p2a: Hydreigon|Dark Pulse|p1a: Corviknight
|-damage|p1a: Corviknight|0 fnt
|faint|p1a: Corviknight
|
|upkeep
|
|switch|p1a: Rotom|Rotom-Mow|82/100 brn
|-damage|p1a: Rotom|70/100 brn|[from] Stealth Rock
|turn|37
|
|move|p2a: Hydreigon|Dark Pulse|p1a: Rotom
|-damage|p1a: Rotom|31/100 brn
|move|p1a: Rotom|Discharge|p2a: Hydreigon
|-resisted|p2a: Hydreigon
|-damage|p2a: Hydreigon|0 fnt
|faint|p2a: Hydreigon
|
|-heal|p1a: Rotom|36/100 brn|[from] item: Leftovers
|-damage|p1a: Rotom|31/100 brn|[from] brn
|upkeep
|
|switch|p2a: Clefable|Clefable, M|100/100 tox
|turn|38
|
|move|p1a: Rotom|Discharge|p2a: Clefable
|-damage|p2a: Clefable|77/100 tox
|move|p2a: Clefable|Moonblast|p1a: Rotom
|-damage|p1a: Rotom|0 fnt
|faint|p1a: Rotom
|
|-heal|p2a: Clefable|83/100 tox|[from] item: Leftovers
|upkeep
|
|switch|p1a: Dracovish|Dracovish|38/100
|-damage|p1a: Dracovish|25/100|[from] Stealth Rock
|turn|39
|
|move|p1a: Dracovish|Crunch|p2a: Clefable
|-resisted|p2a: Clefable
|-damage|p2a: Clefable|56/100 tox
|move|p2a: Clefable|Moonblast|p1a: Dracovish
|-supereffective|p1a: Dracovish
|-damage|p1a: Dracovish|0 fnt
|faint|p1a: Dracovish
|
|-heal|p2a: Clefable|62/100 tox|[from] item: Leftovers
|upkeep
|
|switch|p1a: Seismitoad|Seismitoad, F|60/100 brn
|-damage|p1a: Seismitoad|54/100 brn|[from] Stealth Rock
|turn|40
|c|☆dani on wii fit|choke
|
|move|p1a: Seismitoad|Scald|p2a: Clefable
|-damage|p2a: Clefable|43/100 tox
|move|p2a: Clefable|Moonblast|p1a: Seismitoad
|-damage|p1a: Seismitoad|21/100 brn
|
|-heal|p1a: Seismitoad|27/100 brn|[from] item: Leftovers
|-heal|p2a: Clefable|49/100 tox|[from] item: Leftovers
|-damage|p1a: Seismitoad|21/100 brn|[from] brn
|upkeep
|turn|41
|
|move|p1a: Seismitoad|Scald|p2a: Clefable
|-crit|p2a: Clefable
|-damage|p2a: Clefable|23/100 tox
|move|p2a: Clefable|Moonblast|p1a: Seismitoad
|-crit|p1a: Seismitoad
|-damage|p1a: Seismitoad|0 fnt
|faint|p1a: Seismitoad
|
|win|dani on wii fit
|c|☆dani on wii fit|lmfao
|l|☆kimchijeon
|raw|kimchijeon's rating: 1397 → 1378(-19 for losing)
|raw|dani on wii fit's rating: 1420 → 1439(+19 for winning)
