|ScrapeTime|2020-01-01-20:05:01
|j|☆Grimlock238
|j|☆whatilikeaboutmew
|player|p1|Grimlock238|65|1239
|player|p2|whatilikeaboutmew|lucas-gen4pt|1246
|teamsize|p1|6
|teamsize|p2|6
|gametype|singles
|gen|8
|tier|[Gen 8] OU
|rated|
|rule|Sleep Clause Mod: Limit one foe put to sleep
|rule|Species Clause: Limit one of each Pokémon
|rule|OHKO Clause: OHKO moves are banned
|rule|Evasion Moves Clause: Evasion moves are banned
|rule|Endless Battle Clause: Forcing endless battles is banned
|rule|HP Percentage Mod: HP is shown in percentages
|clearpoke
|poke|p1|Tyranitar, M|
|poke|p1|Excadrill, F|
|poke|p1|Rotom-Heat|
|poke|p1|Weezing-Galar, M|
|poke|p1|Jellicent, M|
|poke|p1|Duraludon, F|
|poke|p2|Aegislash, F|
|poke|p2|Crawdaunt, M|
|poke|p2|Mew|
|poke|p2|Lucario, F|
|poke|p2|Bisharp, F|
|poke|p2|Dragapult, M|
|rule|Dynamax Clause: You cannot dynamax
|teampreview
|inactive|Battle timer is ON: inactive players will automatically lose when time's up. (requested by Grimlock238)
|
|start
|switch|p1a: Tyranitar|Tyranitar, M, shiny|100/100
|switch|p2a: Mew|Mew|100/100
|-weather|Sandstorm|[from] ability: Sand Stream|[of] p1a: Tyranitar
|turn|1
|
|switch|p2a: Lucario|Lucario, F|100/100
|move|p1a: Tyranitar|Crunch|p2a: Lucario
|-resisted|p2a: Lucario
|-damage|p2a: Lucario|62/100
|-ability|p2a: Lucario|Justified|boost
|-boost|p2a: Lucario|atk|1
|
|-weather|Sandstorm|[upkeep]
|upkeep
|turn|2
|
|switch|p1a: Jellicent|Jellicent, M|100/100
|move|p2a: Lucario|Swords Dance|p2a: Lucario
|-boost|p2a: Lucario|atk|2
|
|-weather|Sandstorm|[upkeep]
|-damage|p1a: Jellicent|94/100|[from] Sandstorm
|-heal|p1a: Jellicent|100/100|[from] item: Leftovers
|upkeep
|turn|3
|
|move|p2a: Lucario|Earthquake|p1a: Jellicent
|-damage|p1a: Jellicent|27/100
|-damage|p2a: Lucario|52/100|[from] item: Life Orb
|move|p1a: Jellicent|Scald|p2a: Lucario
|-damage|p2a: Lucario|14/100
|
|-weather|Sandstorm|[upkeep]
|-damage|p1a: Jellicent|21/100|[from] Sandstorm
|-heal|p1a: Jellicent|27/100|[from] item: Leftovers
|upkeep
|turn|4
|
|switch|p1a: Rotom|Rotom-Heat|100/100
|move|p2a: Lucario|Earthquake|p1a: Rotom
|-immune|p1a: Rotom|[from] ability: Levitate
|
|-weather|Sandstorm|[upkeep]
|-damage|p1a: Rotom|94/100|[from] Sandstorm
|-heal|p1a: Rotom|100/100|[from] item: Leftovers
|upkeep
|turn|5
|
|move|p2a: Lucario|Bullet Punch|p1a: Rotom
|-resisted|p1a: Rotom
|-damage|p1a: Rotom|84/100
|-damage|p2a: Lucario|4/100|[from] item: Life Orb
|move|p1a: Rotom|Volt Switch|p2a: Lucario
|-damage|p2a: Lucario|0 fnt
|faint|p2a: Lucario
|
|switch|p1a: Jellicent|Jellicent, M|27/100|[from]move: Volt Switch
|
|-weather|none
|-heal|p1a: Jellicent|33/100|[from] item: Leftovers
|upkeep
|
|switch|p2a: Crawdaunt|Crawdaunt, M|100/100
|turn|6
|
|switch|p1a: Weezing|Weezing-Galar, M|100/100
|move|p2a: Crawdaunt|Knock Off|p1a: Weezing
|-resisted|p1a: Weezing
|-damage|p1a: Weezing|63/100
|-enditem|p1a: Weezing|Black Sludge|[from] move: Knock Off|[of] p2a: Crawdaunt
|-damage|p2a: Crawdaunt|91/100|[from] item: Life Orb
|
|upkeep
|turn|7
|
|move|p2a: Crawdaunt|Crabhammer|p1a: Weezing
|-damage|p1a: Weezing|0 fnt
|-damage|p2a: Crawdaunt|81/100|[from] item: Life Orb
|faint|p1a: Weezing
|
|upkeep
|
|switch|p1a: Tyranitar|Tyranitar, M, shiny|100/100
|-weather|Sandstorm|[from] ability: Sand Stream|[of] p1a: Tyranitar
|turn|8
|
|move|p2a: Crawdaunt|Crabhammer|p1a: Tyranitar
|-supereffective|p1a: Tyranitar
|-damage|p1a: Tyranitar|0 fnt
|-damage|p2a: Crawdaunt|71/100|[from] item: Life Orb
|faint|p1a: Tyranitar
|
|-weather|Sandstorm|[upkeep]
|-damage|p2a: Crawdaunt|65/100|[from] Sandstorm
|upkeep
|
|switch|p1a: Excadrill|Excadrill, F|100/100
|turn|9
|
|move|p2a: Crawdaunt|Aqua Jet|p1a: Excadrill
|-supereffective|p1a: Excadrill
|-damage|p1a: Excadrill|0 fnt
|-damage|p2a: Crawdaunt|56/100|[from] item: Life Orb
|faint|p1a: Excadrill
|
|-weather|Sandstorm|[upkeep]
|-damage|p2a: Crawdaunt|50/100|[from] Sandstorm
|upkeep
|-message|Grimlock238 forfeited.
|
|win|whatilikeaboutmew
|l|☆Grimlock238
|raw|Grimlock238's rating: 1239 → 1213(-26 for losing)
|raw|whatilikeaboutmew's rating: 1225 → 1251(+26 for winning)
