|ScrapeTime|2020-01-01-07:04:45
|j|☆Bloody Regina
|j|☆seraph_throne
|player|p1|Bloody Regina|mira|1321
|player|p2|seraph_throne|bellelba|1259
|teamsize|p1|6
|teamsize|p2|6
|gametype|singles
|gen|8
|tier|[Gen 8] OU
|rated|
|rule|Sleep Clause Mod: Limit one foe put to sleep
|rule|Species Clause: Limit one of each Pokémon
|rule|OHKO Clause: OHKO moves are banned
|rule|Evasion Moves Clause: Evasion moves are banned
|rule|Endless Battle Clause: Forcing endless battles is banned
|rule|HP Percentage Mod: HP is shown in percentages
|clearpoke
|poke|p1|Weezing-Galar, M|
|poke|p1|Dragapult, M|
|poke|p1|Sylveon, F|
|poke|p1|Rotom-Wash|
|poke|p1|Corviknight, M|
|poke|p1|Cinderace, M|
|poke|p2|Mew|
|poke|p2|Lucario, F|
|poke|p2|Bisharp, M|
|poke|p2|Aegislash, F|
|poke|p2|Crawdaunt, M|
|poke|p2|Dragapult, M|
|rule|Dynamax Clause: You cannot dynamax
|teampreview
|
|start
|switch|p1a: Rotom|Rotom-Wash|100/100
|switch|p2a: Mew|Mew|100/100
|turn|1
|
|move|p2a: Mew|Stealth Rock|p1a: Rotom
|-sidestart|p1: Bloody Regina|move: Stealth Rock
|move|p1a: Rotom|Volt Switch|p2a: Mew
|-damage|p2a: Mew|65/100
|
|switch|p1a: Cinderace|Cinderace, M|100/100|[from]move: Volt Switch
|
|upkeep
|turn|2
|
|move|p1a: Cinderace|U-turn|p2a: Mew
|-supereffective|p2a: Mew
|-damage|p2a: Mew|21/100
|
|switch|p1a: Weezing|Weezing-Galar, M|100/100|[from]move: U-turn
|-damage|p1a: Weezing|88/100|[from] Stealth Rock
|move|p2a: Mew|Spikes|p1a: Weezing
|-sidestart|p1: Bloody Regina|Spikes
|
|-heal|p1a: Weezing|94/100|[from] item: Black Sludge
|upkeep
|turn|3
|
|move|p2a: Mew|Taunt|p1a: Weezing
|-start|p1a: Weezing|move: Taunt
|cant|p1a: Weezing|move: Taunt|Will-O-Wisp
|
|-heal|p1a: Weezing|99/100|[from] item: Black Sludge
|upkeep
|turn|4
|
|move|p2a: Mew|Spikes|p1a: Weezing
|-sidestart|p1: Bloody Regina|Spikes
|move|p1a: Weezing|Strange Steam|p2a: Mew
|-damage|p2a: Mew|0 fnt
|faint|p2a: Mew
|
|-heal|p1a: Weezing|100/100|[from] item: Black Sludge
|upkeep
|inactive|Battle timer is ON: inactive players will automatically lose when time's up. (requested by Bloody Regina)
|
|switch|p2a: Bisharp|Bisharp, M|100/100
|turn|5
|
|switch|p1a: Cinderace|Cinderace, M|100/100
|move|p2a: Bisharp|Swords Dance|p2a: Bisharp
|-boost|p2a: Bisharp|atk|2
|
|upkeep
|turn|6
|
|move|p2a: Bisharp|Sucker Punch||[still]
|-fail|p2a: Bisharp
|move|p1a: Cinderace|Court Change|p1a: Cinderace
|-sideend|p1: Bloody Regina|Spikes|[silent]
|-sidestart|p2: seraph_throne|Spikes|[silent]
|-sidestart|p2: seraph_throne|Spikes|[silent]
|-sideend|p1: Bloody Regina|Stealth Rock|[silent]
|-sidestart|p2: seraph_throne|Stealth Rock|[silent]
|-activate|p1a: Cinderace|move: Court Change
|
|upkeep
|turn|7
|
|switch|p1a: Corviknight|Corviknight, M|100/100
|-ability|p1a: Corviknight|Pressure
|move|p2a: Bisharp|Sucker Punch||[still]
|-fail|p2a: Bisharp
|
|upkeep
|turn|8
|
|move|p2a: Bisharp|Throat Chop|p1a: Corviknight
|-damage|p1a: Corviknight|33/100
|-start|p1a: Corviknight|Throat Chop|[silent]
|-damage|p2a: Bisharp|91/100|[from] item: Life Orb
|move|p1a: Corviknight|Iron Defense|p1a: Corviknight
|-boost|p1a: Corviknight|def|2
|
|-heal|p1a: Corviknight|39/100|[from] item: Leftovers
|upkeep
|turn|9
|
|move|p2a: Bisharp|Throat Chop|p1a: Corviknight
|-damage|p1a: Corviknight|7/100
|-damage|p2a: Bisharp|81/100|[from] item: Life Orb
|move|p1a: Corviknight|Roost|p1a: Corviknight
|-heal|p1a: Corviknight|57/100
|-singleturn|p1a: Corviknight|move: Roost
|
|-heal|p1a: Corviknight|63/100|[from] item: Leftovers
|-end|p1a: Corviknight|Throat Chop|[silent]
|upkeep
|turn|10
|
|move|p2a: Bisharp|Swords Dance|p2a: Bisharp
|-boost|p2a: Bisharp|atk|2
|move|p1a: Corviknight|Roost|p1a: Corviknight
|-heal|p1a: Corviknight|100/100
|-singleturn|p1a: Corviknight|move: Roost
|
|upkeep
|turn|11
|
|move|p2a: Bisharp|Throat Chop|p1a: Corviknight
|-damage|p1a: Corviknight|49/100
|-start|p1a: Corviknight|Throat Chop|[silent]
|-damage|p2a: Bisharp|71/100|[from] item: Life Orb
|move|p1a: Corviknight|Iron Defense|p1a: Corviknight
|-boost|p1a: Corviknight|def|2
|
|-heal|p1a: Corviknight|55/100|[from] item: Leftovers
|upkeep
|turn|12
|
|move|p2a: Bisharp|Throat Chop|p1a: Corviknight
|-damage|p1a: Corviknight|20/100
|-damage|p2a: Bisharp|61/100|[from] item: Life Orb
|move|p1a: Corviknight|Roost|p1a: Corviknight
|-heal|p1a: Corviknight|70/100
|-singleturn|p1a: Corviknight|move: Roost
|
|-heal|p1a: Corviknight|76/100|[from] item: Leftovers
|-end|p1a: Corviknight|Throat Chop|[silent]
|upkeep
|turn|13
|
|move|p2a: Bisharp|Swords Dance|p2a: Bisharp
|-boost|p2a: Bisharp|atk|2
|move|p1a: Corviknight|Body Press|p2a: Bisharp
|-supereffective|p2a: Bisharp
|-damage|p2a: Bisharp|0 fnt
|faint|p2a: Bisharp
|
|-heal|p1a: Corviknight|82/100|[from] item: Leftovers
|upkeep
|-message|seraph_throne forfeited.
|
|win|Bloody Regina
|l|☆seraph_throne
|raw|Bloody Regina's rating: 1321 → 1337(+16 for winning)
|raw|seraph_throne's rating: 1259 → 1239(-20 for losing)
