|ScrapeTime|2020-01-02-16:05:17
|j|☆Zireael24
|j|☆yeetium
|player|p1|Zireael24|juan|1429
|player|p2|yeetium|lady-gen4|1441
|teamsize|p1|6
|teamsize|p2|6
|gametype|singles
|gen|8
|tier|[Gen 8] OU
|rated|
|rule|Sleep Clause Mod: Limit one foe put to sleep
|rule|Species Clause: Limit one of each Pokémon
|rule|OHKO Clause: OHKO moves are banned
|rule|Evasion Moves Clause: Evasion moves are banned
|rule|Endless Battle Clause: Forcing endless battles is banned
|rule|HP Percentage Mod: HP is shown in percentages
|clearpoke
|poke|p1|Dugtrio, F|
|poke|p1|Mimikyu, M|
|poke|p1|Rotom-Heat|
|poke|p1|Hydreigon, M|
|poke|p1|Gyarados, F|
|poke|p1|Dracovish|
|poke|p2|Corsola-Galar, F|
|poke|p2|Dracozolt|
|poke|p2|Dragapult, M|
|poke|p2|Excadrill, M|
|poke|p2|Clefable, F|
|poke|p2|Rotom-Heat|
|rule|Dynamax Clause: You cannot dynamax
|teampreview
|inactive|Battle timer is ON: inactive players will automatically lose when time's up. (requested by Zireael24)
|c|☆Zireael24|Zzzzz
|
|start
|switch|p1a: Rotom|Rotom-Heat|100/100
|switch|p2a: Excadrill|Excadrill, M|100/100
|-ability|p2a: Excadrill|Mold Breaker
|turn|1
|
|move|p1a: Rotom|Trick|p2a: Excadrill
|-activate|p1a: Rotom|move: Trick|[of] p2a: Excadrill
|-item|p2a: Excadrill|Choice Scarf|[from] move: Trick
|-item|p1a: Rotom|Focus Sash|[from] move: Trick
|move|p2a: Excadrill|Stealth Rock|p1a: Rotom
|-sidestart|p1: Zireael24|move: Stealth Rock
|
|upkeep
|turn|2
|
|switch|p2a: Rotom|Rotom-Heat|100/100
|move|p1a: Rotom|Shadow Ball|p2a: Rotom
|-damage|p2a: Rotom|68/100
|
|upkeep
|turn|3
|
|move|p2a: Rotom|Volt Switch|p1a: Rotom
|-resisted|p1a: Rotom
|-damage|p1a: Rotom|71/100
|
|switch|p2a: Excadrill|Excadrill, M|100/100|[from]move: Volt Switch
|-ability|p2a: Excadrill|Mold Breaker
|move|p1a: Rotom|Shadow Ball|p2a: Excadrill
|-damage|p2a: Excadrill|67/100
|
|upkeep
|turn|4
|
|move|p2a: Excadrill|Earthquake|p1a: Rotom
|-supereffective|p1a: Rotom
|-damage|p1a: Rotom|0 fnt
|faint|p1a: Rotom
|
|upkeep
|
|switch|p1a: Dugtrio|Dugtrio, F|100/100
|-damage|p1a: Dugtrio|94/100|[from] Stealth Rock
|turn|5
|
|move|p2a: Excadrill|Earthquake|p1a: Dugtrio
|-damage|p1a: Dugtrio|0 fnt
|faint|p1a: Dugtrio
|
|upkeep
|
|switch|p1a: Hydreigon|Hydreigon, M|100/100
|-damage|p1a: Hydreigon|88/100|[from] Stealth Rock
|turn|6
|
|move|p2a: Excadrill|Earthquake|p1a: Hydreigon
|-damage|p1a: Hydreigon|22/100
|move|p1a: Hydreigon|Substitute|p1a: Hydreigon
|-fail|p1a: Hydreigon|move: Substitute|[weak]
|
|-heal|p1a: Hydreigon|29/100|[from] item: Leftovers
|upkeep
|turn|7
|-message|Zireael24 forfeited.
|
|win|yeetium
|l|☆Zireael24
|raw|Zireael24's rating: 1407 → 1388(-19 for losing)
|raw|yeetium's rating: 1424 → 1443(+19 for winning)
|c|☆yeetium|!dt Mold Breaker
|raw|Mold Breaker This Pokemon's moves and their effects ignore the Abilities of other Pokemon. 

|c|☆yeetium|!dt Levitate
|raw|Levitate This Pokemon is immune to Ground; Gravity/Ingrain/Smack Down/Iron Ball nullify it. 

|c|☆yeetium|;))
