|ScrapeTime|2020-01-02-02:15:23
|j|☆Theo216
|j|☆AndyEyeCandy
|player|p1|Theo216|170|1035
|player|p2|AndyEyeCandy|blue|1077
|teamsize|p1|6
|teamsize|p2|6
|gametype|singles
|gen|8
|tier|[Gen 8] OU
|rated|
|rule|Sleep Clause Mod: Limit one foe put to sleep
|rule|Species Clause: Limit one of each Pokémon
|rule|OHKO Clause: OHKO moves are banned
|rule|Evasion Moves Clause: Evasion moves are banned
|rule|Endless Battle Clause: Forcing endless battles is banned
|rule|HP Percentage Mod: HP is shown in percentages
|clearpoke
|poke|p1|Dragapult, F|
|poke|p1|Ferrothorn, F|
|poke|p1|Toxapex, M|
|poke|p1|Corviknight, M|
|poke|p1|Dracovish|
|poke|p1|Corsola-Galar, M|
|poke|p2|Cinccino, M|
|poke|p2|Espeon, F|
|poke|p2|Gyarados, F|
|poke|p2|Arcanine, M|
|poke|p2|Goodra, F|
|poke|p2|Butterfree, F|
|rule|Dynamax Clause: You cannot dynamax
|teampreview
|
|start
|switch|p1a: Ferrothorn|Ferrothorn, F|100/100
|switch|p2a: Cinccino|Cinccino, M|100/100
|turn|1
|inactive|Battle timer is ON: inactive players will automatically lose when time's up. (requested by AndyEyeCandy)
|
|switch|p2a: Espeon|Espeon, F|100/100
|move|p1a: Ferrothorn|Stealth Rock|p2a: Espeon
|move|p2a: Espeon|Stealth Rock|p1a: Ferrothorn|[from]Magic Bounce
|-sidestart|p1: Theo216|move: Stealth Rock
|
|upkeep
|turn|2
|
|move|p2a: Espeon|Calm Mind|p2a: Espeon
|-boost|p2a: Espeon|spa|1
|-boost|p2a: Espeon|spd|1
|move|p1a: Ferrothorn|Toxic|p2a: Espeon
|move|p2a: Espeon|Toxic|p1a: Ferrothorn|[from]Magic Bounce
|-immune|p1a: Ferrothorn
|
|upkeep
|turn|3
|
|switch|p1a: Dracovish|Dracovish|100/100
|-damage|p1a: Dracovish|88/100|[from] Stealth Rock
|move|p2a: Espeon|Calm Mind|p2a: Espeon
|-boost|p2a: Espeon|spa|1
|-boost|p2a: Espeon|spd|1
|
|upkeep
|turn|4
|
|move|p1a: Dracovish|Fishious Rend|p2a: Espeon
|-damage|p2a: Espeon|0 fnt
|faint|p2a: Espeon
|
|upkeep
|
|switch|p2a: Gyarados|Gyarados, F|100/100
|turn|5
|
|move|p1a: Dracovish|Fishious Rend|p2a: Gyarados
|-resisted|p2a: Gyarados
|-damage|p2a: Gyarados|24/100
|move|p2a: Gyarados|Earthquake|p1a: Dracovish
|-damage|p1a: Dracovish|48/100
|
|-heal|p2a: Gyarados|30/100|[from] item: Leftovers
|upkeep
|turn|6
|
|move|p1a: Dracovish|Fishious Rend|p2a: Gyarados
|-resisted|p2a: Gyarados
|-damage|p2a: Gyarados|0 fnt
|faint|p2a: Gyarados
|
|upkeep
|
|switch|p2a: Goodra|Goodra, F|100/100
|turn|7
|
|move|p1a: Dracovish|Fishious Rend|p2a: Goodra
|-resisted|p2a: Goodra
|-damage|p2a: Goodra|15/100
|move|p2a: Goodra|Dragon Pulse|p1a: Dracovish
|-supereffective|p1a: Dracovish
|-damage|p1a: Dracovish|0 fnt
|faint|p1a: Dracovish
|
|-heal|p2a: Goodra|21/100|[from] item: Leftovers
|upkeep
|
|switch|p1a: Dragapult|Dragapult, F|100/100
|-damage|p1a: Dragapult|88/100|[from] Stealth Rock
|turn|8
|
|switch|p2a: Arcanine|Arcanine, M|100/100
|move|p1a: Dragapult|U-turn|p2a: Arcanine
|-resisted|p2a: Arcanine
|-damage|p2a: Arcanine|90/100
|
|switch|p1a: Toxapex|Toxapex, M|100/100|[from]move: U-turn
|-damage|p1a: Toxapex|88/100|[from] Stealth Rock
|
|-heal|p1a: Toxapex|94/100|[from] item: Black Sludge
|upkeep
|turn|9
|
|switch|p2a: Goodra|Goodra, F|21/100
|move|p1a: Toxapex|Scald|p2a: Goodra
|-resisted|p2a: Goodra
|-damage|p2a: Goodra|15/100
|
|-heal|p2a: Goodra|21/100|[from] item: Leftovers
|-heal|p1a: Toxapex|100/100|[from] item: Black Sludge
|upkeep
|turn|10
|
|switch|p1a: Corsola|Corsola-Galar, M|100/100
|-damage|p1a: Corsola|88/100|[from] Stealth Rock
|move|p2a: Goodra|Thunderbolt|p1a: Corsola
|-damage|p1a: Corsola|64/100
|
|-heal|p2a: Goodra|27/100|[from] item: Leftovers
|-heal|p1a: Corsola|71/100|[from] item: Leftovers
|upkeep
|turn|11
|
|move|p2a: Goodra|Dragon Pulse|p1a: Corsola
|-crit|p1a: Corsola
|-damage|p1a: Corsola|21/100
|move|p1a: Corsola|Shadow Ball|p2a: Goodra
|-damage|p2a: Goodra|13/100
|
|-heal|p2a: Goodra|20/100|[from] item: Leftovers
|-heal|p1a: Corsola|27/100|[from] item: Leftovers
|upkeep
|turn|12
|inactive|Theo216 has 120 seconds left.
|
|switch|p1a: Ferrothorn|Ferrothorn, F|100/100
|-damage|p1a: Ferrothorn|94/100|[from] Stealth Rock
|move|p2a: Goodra|Dragon Pulse|p1a: Ferrothorn
|-resisted|p1a: Ferrothorn
|-damage|p1a: Ferrothorn|78/100
|
|-heal|p2a: Goodra|26/100|[from] item: Leftovers
|-heal|p1a: Ferrothorn|84/100|[from] item: Leftovers
|upkeep
|turn|13
|inactive|Theo216 has 120 seconds left.
|
|move|p2a: Goodra|Flamethrower|p1a: Ferrothorn
|-supereffective|p1a: Ferrothorn
|-damage|p1a: Ferrothorn|0 fnt
|faint|p1a: Ferrothorn
|
|-heal|p2a: Goodra|32/100|[from] item: Leftovers
|upkeep
|inactive|Theo216 has 120 seconds left.
|
|switch|p1a: Dragapult|Dragapult, F|88/100
|-damage|p1a: Dragapult|76/100|[from] Stealth Rock
|turn|14
|
|switch|p2a: Arcanine|Arcanine, M|90/100
|move|p1a: Dragapult|Draco Meteor|p2a: Arcanine
|-damage|p2a: Arcanine|0 fnt
|-unboost|p1a: Dragapult|spa|2
|faint|p2a: Arcanine
|
|upkeep
|
|switch|p2a: Cinccino|Cinccino, M|100/100
|turn|15
|
|switch|p1a: Corviknight|Corviknight, M|100/100
|-damage|p1a: Corviknight|88/100|[from] Stealth Rock
|move|p2a: Cinccino|Knock Off|p1a: Corviknight
|-damage|p1a: Corviknight|56/100
|-enditem|p1a: Corviknight|Leftovers|[from] move: Knock Off|[of] p2a: Cinccino
|
|upkeep
|turn|16
|
|switch|p2a: Goodra|Goodra, F|32/100
|move|p1a: Corviknight|U-turn|p2a: Goodra
|-damage|p2a: Goodra|4/100
|
|switch|p1a: Dragapult|Dragapult, F|76/100|[from]move: U-turn
|-damage|p1a: Dragapult|64/100|[from] Stealth Rock
|
|-heal|p2a: Goodra|10/100|[from] item: Leftovers
|upkeep
|turn|17
|
|move|p1a: Dragapult|Draco Meteor|p2a: Goodra
|-supereffective|p2a: Goodra
|-damage|p2a: Goodra|0 fnt
|-unboost|p1a: Dragapult|spa|2
|faint|p2a: Goodra
|
|upkeep
|
|switch|p2a: Cinccino|Cinccino, M|100/100
|turn|18
|
|switch|p1a: Toxapex|Toxapex, M|100/100
|-damage|p1a: Toxapex|88/100|[from] Stealth Rock
|move|p2a: Cinccino|Bullet Seed|p1a: Toxapex
|-damage|p1a: Toxapex|79/100
|-crit|p1a: Toxapex
|-damage|p1a: Toxapex|67/100
|-damage|p1a: Toxapex|59/100
|-damage|p1a: Toxapex|50/100
|-damage|p1a: Toxapex|41/100
|-hitcount|p1a: Toxapex|5
|
|-heal|p1a: Toxapex|48/100|[from] item: Black Sludge
|upkeep
|turn|19
|
|move|p1a: Toxapex|Baneful Bunker|p1a: Toxapex
|-singleturn|p1a: Toxapex|move: Protect
|move|p2a: Cinccino|Bullet Seed|p1a: Toxapex
|-activate|p1a: Toxapex|move: Protect
|
|-heal|p1a: Toxapex|54/100|[from] item: Black Sludge
|upkeep
|turn|20
|
|move|p2a: Cinccino|Bullet Seed|p1a: Toxapex
|-crit|p1a: Toxapex
|-damage|p1a: Toxapex|41/100
|-damage|p1a: Toxapex|32/100
|-damage|p1a: Toxapex|24/100
|-damage|p1a: Toxapex|15/100
|-damage|p1a: Toxapex|6/100
|-hitcount|p1a: Toxapex|5
|move|p1a: Toxapex|Toxic|p2a: Cinccino
|-status|p2a: Cinccino|tox
|
|-heal|p1a: Toxapex|12/100|[from] item: Black Sludge
|-damage|p2a: Cinccino|94/100 tox|[from] psn
|upkeep
|turn|21
|
|move|p1a: Toxapex|Baneful Bunker|p1a: Toxapex
|-singleturn|p1a: Toxapex|move: Protect
|move|p2a: Cinccino|Bullet Seed|p1a: Toxapex
|-activate|p1a: Toxapex|move: Protect
|
|-heal|p1a: Toxapex|19/100|[from] item: Black Sludge
|-damage|p2a: Cinccino|82/100 tox|[from] psn
|upkeep
|turn|22
|
|switch|p1a: Corsola|Corsola-Galar, M|27/100
|-damage|p1a: Corsola|15/100|[from] Stealth Rock
|move|p2a: Cinccino|Bullet Seed|p1a: Corsola
|-damage|p1a: Corsola|3/100
|-damage|p1a: Corsola|0 fnt
|-hitcount|p1a: Corsola|2
|faint|p1a: Corsola
|
|-damage|p2a: Cinccino|63/100 tox|[from] psn
|upkeep
|
|switch|p1a: Dragapult|Dragapult, F|64/100
|-damage|p1a: Dragapult|51/100|[from] Stealth Rock
|turn|23
|
|move|p1a: Dragapult|Draco Meteor|p2a: Cinccino|[miss]
|-miss|p1a: Dragapult|p2a: Cinccino
|move|p2a: Cinccino|Bullet Seed|p1a: Dragapult
|-resisted|p1a: Dragapult
|-damage|p1a: Dragapult|44/100
|-resisted|p1a: Dragapult
|-damage|p1a: Dragapult|36/100
|-resisted|p1a: Dragapult
|-damage|p1a: Dragapult|29/100
|-resisted|p1a: Dragapult
|-crit|p1a: Dragapult
|-damage|p1a: Dragapult|19/100
|-resisted|p1a: Dragapult
|-damage|p1a: Dragapult|12/100
|-hitcount|p1a: Dragapult|5
|
|-damage|p2a: Cinccino|39/100 tox|[from] psn
|upkeep
|turn|24
|
|move|p1a: Dragapult|Draco Meteor|p2a: Cinccino
|-damage|p2a: Cinccino|0 fnt
|-unboost|p1a: Dragapult|spa|2
|faint|p2a: Cinccino
|
|upkeep
|
|switch|p2a: Butterfree|Butterfree, F|100/100
|turn|25
|
|move|p1a: Dragapult|Draco Meteor|p2a: Butterfree
|-damage|p2a: Butterfree|28/100
|-unboost|p1a: Dragapult|spa|2
|move|p2a: Butterfree|Quiver Dance|p2a: Butterfree
|-boost|p2a: Butterfree|spa|1
|-boost|p2a: Butterfree|spd|1
|-boost|p2a: Butterfree|spe|1
|
|upkeep
|turn|26
|
|move|p1a: Dragapult|Draco Meteor|p2a: Butterfree
|-damage|p2a: Butterfree|0 fnt
|-unboost|p1a: Dragapult|spa|2
|faint|p2a: Butterfree
|
|win|Theo216
|l|☆AndyEyeCandy
|raw|Theo216's rating: 1020 → 1063(+43 for winning)
|raw|AndyEyeCandy's rating: 1077 → 1052(-25 for losing)
