|ScrapeTime|2020-01-02-02:46:52
|j|☆Geralt the Rivera
|j|☆Calf22
|player|p1|Geralt the Rivera|bruno|1500
|player|p2|Calf22|102|1553
|teamsize|p1|6
|teamsize|p2|6
|gametype|singles
|gen|8
|tier|[Gen 8] OU
|rated|
|rule|Sleep Clause Mod: Limit one foe put to sleep
|rule|Species Clause: Limit one of each Pokémon
|rule|OHKO Clause: OHKO moves are banned
|rule|Evasion Moves Clause: Evasion moves are banned
|rule|Endless Battle Clause: Forcing endless battles is banned
|rule|HP Percentage Mod: HP is shown in percentages
|clearpoke
|poke|p1|Mew|
|poke|p1|Aegislash, M|
|poke|p1|Lucario, F|
|poke|p1|Dragapult, F|
|poke|p1|Crawdaunt, F|
|poke|p1|Bisharp, F|
|poke|p2|Diggersby, F|
|poke|p2|Pincurchin, M|
|poke|p2|Hawlucha, M|
|poke|p2|Torkoal, M|
|poke|p2|Drifblim, M|
|poke|p2|Maractus, M|
|rule|Dynamax Clause: You cannot dynamax
|teampreview
|inactive|Battle timer is ON: inactive players will automatically lose when time's up. (requested by Calf22)
|
|start
|switch|p1a: Dragapult|Dragapult, F|100/100
|switch|p2a: Diggersby|Diggersby, F|100/100
|turn|1
|
|move|p1a: Dragapult|Substitute|p1a: Dragapult
|-start|p1a: Dragapult|Substitute
|-damage|p1a: Dragapult|76/100
|move|p2a: Diggersby|Earthquake|p1a: Dragapult
|-end|p1a: Dragapult|Substitute
|-damage|p2a: Diggersby|91/100|[from] item: Life Orb
|
|-heal|p1a: Dragapult|82/100|[from] item: Leftovers
|upkeep
|turn|2
|
|switch|p1a: Aegislash|Aegislash, M|100/100
|-item|p1a: Aegislash|Air Balloon
|move|p2a: Diggersby|Earthquake|p1a: Aegislash
|-immune|p1a: Aegislash
|
|upkeep
|turn|3
|
|move|p2a: Diggersby|Fire Punch|p1a: Aegislash
|-supereffective|p1a: Aegislash
|-damage|p1a: Aegislash|34/100
|-enditem|p1a: Aegislash|Air Balloon
|-damage|p2a: Diggersby|81/100|[from] item: Life Orb
|-formechange|p1a: Aegislash|Aegislash-Blade||[from] ability: Stance Change
|move|p1a: Aegislash|Close Combat|p2a: Diggersby
|-supereffective|p2a: Diggersby
|-damage|p2a: Diggersby|0 fnt
|-unboost|p1a: Aegislash|def|1
|-unboost|p1a: Aegislash|spd|1
|faint|p2a: Diggersby
|
|upkeep
|
|switch|p2a: Torkoal|Torkoal, M|100/100
|-weather|SunnyDay|[from] ability: Drought|[of] p2a: Torkoal
|turn|4
|
|move|p1a: Aegislash|Close Combat|p2a: Torkoal
|-damage|p2a: Torkoal|66/100
|-unboost|p1a: Aegislash|def|1
|-unboost|p1a: Aegislash|spd|1
|move|p2a: Torkoal|Lava Plume|p1a: Aegislash
|-supereffective|p1a: Aegislash
|-damage|p1a: Aegislash|0 fnt
|faint|p1a: Aegislash
|
|-weather|SunnyDay|[upkeep]
|upkeep
|
|switch|p1a: Dragapult|Dragapult, F|82/100
|turn|5
|
|move|p1a: Dragapult|Dragon Dance|p1a: Dragapult
|-boost|p1a: Dragapult|atk|1
|-boost|p1a: Dragapult|spe|1
|move|p2a: Torkoal|Lava Plume|p1a: Dragapult
|-resisted|p1a: Dragapult
|-damage|p1a: Dragapult|58/100
|-status|p1a: Dragapult|brn
|
|-weather|SunnyDay|[upkeep]
|-heal|p1a: Dragapult|64/100 brn|[from] item: Leftovers
|-damage|p1a: Dragapult|58/100 brn|[from] brn
|upkeep
|turn|6
|
|move|p1a: Dragapult|Dragon Dance|p1a: Dragapult
|-boost|p1a: Dragapult|atk|1
|-boost|p1a: Dragapult|spe|1
|move|p2a: Torkoal|Lava Plume|p1a: Dragapult
|-resisted|p1a: Dragapult
|-damage|p1a: Dragapult|32/100 brn
|
|-weather|SunnyDay|[upkeep]
|-heal|p1a: Dragapult|38/100 brn|[from] item: Leftovers
|-damage|p1a: Dragapult|32/100 brn|[from] brn
|upkeep
|turn|7
|
|move|p1a: Dragapult|Dragon Darts|p2a: Torkoal
|-damage|p2a: Torkoal|45/100
|-damage|p2a: Torkoal|26/100
|-hitcount|p2a: Torkoal|2
|move|p2a: Torkoal|Lava Plume|p1a: Dragapult
|-resisted|p1a: Dragapult
|-damage|p1a: Dragapult|9/100 brn
|
|-weather|SunnyDay|[upkeep]
|-heal|p1a: Dragapult|15/100 brn|[from] item: Leftovers
|-damage|p1a: Dragapult|9/100 brn|[from] brn
|upkeep
|turn|8
|
|move|p1a: Dragapult|Dragon Darts|p2a: Torkoal
|-damage|p2a: Torkoal|7/100
|-damage|p2a: Torkoal|0 fnt
|-hitcount|p2a: Torkoal|2
|faint|p2a: Torkoal
|
|-weather|SunnyDay|[upkeep]
|-heal|p1a: Dragapult|15/100 brn|[from] item: Leftovers
|-damage|p1a: Dragapult|9/100 brn|[from] brn
|upkeep
|
|switch|p2a: Pincurchin|Pincurchin, M|100/100
|-fieldstart|move: Electric Terrain|[from] ability: Electric Surge|[of] p2a: Pincurchin
|turn|9
|
|move|p2a: Pincurchin|Sucker Punch|p1a: Dragapult
|-supereffective|p1a: Dragapult
|-damage|p1a: Dragapult|0 fnt
|faint|p1a: Dragapult
|
|-weather|SunnyDay|[upkeep]
|upkeep
|
|switch|p1a: Bisharp|Bisharp, F|100/100
|turn|10
|
|switch|p2a: Hawlucha|Hawlucha, M|100/100
|-enditem|p2a: Hawlucha|Electric Seed
|-boost|p2a: Hawlucha|def|1
|move|p1a: Bisharp|Swords Dance|p1a: Bisharp
|-boost|p1a: Bisharp|atk|2
|
|-weather|SunnyDay|[upkeep]
|upkeep
|turn|11
|
|move|p1a: Bisharp|Sucker Punch|p2a: Hawlucha
|-resisted|p2a: Hawlucha
|-damage|p2a: Hawlucha|56/100
|move|p2a: Hawlucha|Close Combat|p1a: Bisharp
|-supereffective|p1a: Bisharp
|-damage|p1a: Bisharp|0 fnt
|-unboost|p2a: Hawlucha|def|1
|-unboost|p2a: Hawlucha|spd|1
|faint|p1a: Bisharp
|
|-weather|none
|upkeep
|
|switch|p1a: Mew|Mew|100/100
|turn|12
|
|move|p2a: Hawlucha|Acrobatics|p1a: Mew
|-damage|p1a: Mew|56/100
|-enditem|p1a: Mew|Red Card|[of] p2a: Hawlucha
|drag|p2a: Maractus|Maractus, M|100/100
|move|p1a: Mew|Stealth Rock|p2a: Maractus
|-sidestart|p2: Calf22|move: Stealth Rock
|
|upkeep
|turn|13
|
|move|p1a: Mew|Taunt|p2a: Maractus
|-start|p2a: Maractus|move: Taunt
|move|p2a: Maractus|Giga Drain|p1a: Mew
|-damage|p1a: Mew|27/100
|-damage|p2a: Maractus|91/100|[from] item: Life Orb
|
|upkeep
|turn|14
|
|move|p1a: Mew|Spikes|p2a: Maractus
|-sidestart|p2: Calf22|Spikes
|move|p2a: Maractus|Giga Drain|p1a: Mew
|-damage|p1a: Mew|0 fnt
|-heal|p2a: Maractus|100/100|[from] drain|[of] p1a: Mew
|-damage|p2a: Maractus|91/100|[from] item: Life Orb
|faint|p1a: Mew
|
|upkeep
|
|switch|p1a: Lucario|Lucario, F|100/100
|turn|15
|
|move|p1a: Lucario|Swords Dance|p1a: Lucario
|-boost|p1a: Lucario|atk|2
|move|p2a: Maractus|Giga Drain|p1a: Lucario
|-resisted|p1a: Lucario
|-damage|p1a: Lucario|61/100
|-heal|p2a: Maractus|100/100|[from] drain|[of] p1a: Lucario
|-damage|p2a: Maractus|91/100|[from] item: Life Orb
|
|-end|p2a: Maractus|move: Taunt
|upkeep
|turn|16
|
|move|p1a: Lucario|Bullet Punch|p2a: Maractus
|-damage|p2a: Maractus|18/100
|-damage|p1a: Lucario|51/100|[from] item: Life Orb
|move|p2a: Maractus|Giga Drain|p1a: Lucario
|-resisted|p1a: Lucario
|-damage|p1a: Lucario|13/100
|-heal|p2a: Maractus|36/100|[from] drain|[of] p1a: Lucario
|-damage|p2a: Maractus|26/100|[from] item: Life Orb
|
|-fieldend|move: Electric Terrain
|upkeep
|turn|17
|
|move|p1a: Lucario|Bullet Punch|p2a: Maractus
|-damage|p2a: Maractus|0 fnt
|-damage|p1a: Lucario|3/100|[from] item: Life Orb
|faint|p2a: Maractus
|
|upkeep
|
|switch|p2a: Hawlucha|Hawlucha, M|56/100
|-damage|p2a: Hawlucha|44/100|[from] Stealth Rock
|turn|18
|
|move|p1a: Lucario|Bullet Punch|p2a: Hawlucha
|-damage|p2a: Hawlucha|0 fnt
|-damage|p1a: Lucario|0 fnt|[from] item: Life Orb
|faint|p2a: Hawlucha
|faint|p1a: Lucario
|
|upkeep
|
|switch|p1a: Crawdaunt|Crawdaunt, F|100/100
|switch|p2a: Pincurchin|Pincurchin, M|100/100
|-damage|p2a: Pincurchin|88/100|[from] Stealth Rock
|-damage|p2a: Pincurchin|76/100|[from] Spikes
|-fieldstart|move: Electric Terrain|[from] ability: Electric Surge|[of] p2a: Pincurchin
|turn|19
|
|move|p1a: Crawdaunt|Knock Off|p2a: Pincurchin
|-damage|p2a: Pincurchin|0 fnt
|-enditem|p2a: Pincurchin|Terrain Extender|[from] move: Knock Off|[of] p1a: Crawdaunt
|-damage|p1a: Crawdaunt|91/100|[from] item: Life Orb
|faint|p2a: Pincurchin
|
|upkeep
|
|switch|p2a: Drifblim|Drifblim, M|100/100
|-damage|p2a: Drifblim|76/100|[from] Stealth Rock
|-enditem|p2a: Drifblim|Electric Seed
|-boost|p2a: Drifblim|def|1
|turn|20
|
|move|p2a: Drifblim|Thunderbolt|p1a: Crawdaunt
|-supereffective|p1a: Crawdaunt
|-damage|p1a: Crawdaunt|0 fnt
|faint|p1a: Crawdaunt
|
|win|Calf22
|l|☆Calf22
|raw|Geralt the Rivera's rating: 1500 → 1481(-19 for losing)
|raw|Calf22's rating: 1530 → 1548(+18 for winning)
|c|☆Geralt the Rivera|GG
