|ScrapeTime|2020-01-01-12:46:12
|j|☆APW001
|j|☆OumaBr
|player|p1|APW001|252|
|player|p2|OumaBr|acerola|
|teamsize|p1|6
|teamsize|p2|6
|gametype|singles
|gen|8
|tier|[Gen 8] OU
|rated|Tournament battle
|rule|Sleep Clause Mod: Limit one foe put to sleep
|rule|Species Clause: Limit one of each Pokémon
|rule|OHKO Clause: OHKO moves are banned
|rule|Evasion Moves Clause: Evasion moves are banned
|rule|Endless Battle Clause: Forcing endless battles is banned
|rule|HP Percentage Mod: HP is shown in percentages
|clearpoke
|poke|p1|Corviknight, F|
|poke|p1|Ditto|
|poke|p1|Centiskorch, F|
|poke|p1|Conkeldurr, M|
|poke|p1|Hatterene, F|
|poke|p1|Hydreigon, F|
|poke|p2|Runerigus, M|
|poke|p2|Rotom-Heat|
|poke|p2|Corsola-Galar, M|
|poke|p2|Dragapult, F|
|poke|p2|Dracovish|
|poke|p2|Barraskewda, F|
|rule|Dynamax Clause: You cannot dynamax
|teampreview
|j|*Lady Monita
|j| RRAAAA
|
|start
|switch|p1a: Century|Centiskorch, F|100/100
|switch|p2a: Runerigus|Runerigus, M|100/100
|turn|1
|j| Shurikan
|
|move|p1a: Century|Knock Off|p2a: Runerigus
|-supereffective|p2a: Runerigus
|-damage|p2a: Runerigus|42/100
|-activate|p1a: Century|ability: Wandering Spirit|Wandering Spirit|Flash Fire|[of] p2a: Runerigus
|-enditem|p2a: Runerigus|Focus Sash|[from] move: Knock Off|[of] p1a: Century
|move|p2a: Runerigus|Stealth Rock|p1a: Century
|-sidestart|p1: APW001|move: Stealth Rock
|
|upkeep
|turn|2
|
|move|p1a: Century|Power Whip|p2a: Runerigus
|-supereffective|p2a: Runerigus
|-damage|p2a: Runerigus|0 fnt
|faint|p2a: Runerigus
|
|upkeep
|
|switch|p2a: Dracovish|Dracovish|100/100
|turn|3
|
|switch|p1a: Meiosis|Ditto|100/100
|-damage|p1a: Meiosis|88/100|[from] Stealth Rock
|-transform|p1a: Meiosis|p2a: Dracovish|[from] ability: Imposter
|move|p2a: Dracovish|Fishious Rend|p1a: Meiosis
|-resisted|p1a: Meiosis
|-damage|p1a: Meiosis|57/100
|
|upkeep
|turn|4
|j| Shikabo
|
|move|p2a: Dracovish|Fishious Rend|p1a: Meiosis
|-resisted|p1a: Meiosis
|-damage|p1a: Meiosis|28/100
|move|p1a: Meiosis|Outrage|p2a: Dracovish
|-supereffective|p2a: Dracovish
|-damage|p2a: Dracovish|1/100
|
|upkeep
|turn|5
|
|move|p1a: Meiosis|Outrage|p2a: Dracovish|[from]lockedmove
|-supereffective|p2a: Dracovish
|-damage|p2a: Dracovish|0 fnt
|-start|p1a: Meiosis|confusion|[fatigue]
|faint|p2a: Dracovish
|
|upkeep
|
|switch|p2a: Barraskewda|Barraskewda, F|100/100
|turn|6
|
|-activate|p1a: Meiosis|confusion
|-damage|p1a: Meiosis|16/100|[from] confusion
|move|p2a: Barraskewda|Crunch|p1a: Meiosis
|-damage|p1a: Meiosis|0 fnt
|faint|p1a: Meiosis
|
|upkeep
|
|switch|p1a: Marshall|Conkeldurr, M|100/100
|-damage|p1a: Marshall|94/100|[from] Stealth Rock
|turn|7
|
|switch|p2a: Corsola|Corsola-Galar, M|100/100
|move|p1a: Marshall|Thunder Punch|p2a: Corsola
|-damage|p2a: Corsola|75/100
|-start|p1a: Marshall|Disable|Thunder Punch|[from] ability: Cursed Body|[of] p2a: Corsola
|
|-heal|p1a: Marshall|100/100|[from] item: Leftovers
|upkeep
|turn|8
|
|switch|p1a: Century|Centiskorch, F|100/100
|-damage|p1a: Century|51/100|[from] Stealth Rock
|move|p2a: Corsola|Confuse Ray|p1a: Century
|-start|p1a: Century|confusion
|
|upkeep
|turn|9
|
|-activate|p1a: Century|confusion
|move|p1a: Century|Knock Off|p2a: Corsola
|-supereffective|p2a: Corsola
|-damage|p2a: Corsola|16/100
|-enditem|p2a: Corsola|Eviolite|[from] move: Knock Off|[of] p1a: Century
|move|p2a: Corsola|Shadow Ball|p1a: Century
|-damage|p1a: Century|32/100
|
|upkeep
|turn|10
|
|-activate|p1a: Century|confusion
|-damage|p1a: Century|16/100|[from] confusion
|move|p2a: Corsola|Shadow Ball|p1a: Century
|-crit|p1a: Century
|-damage|p1a: Century|0 fnt
|faint|p1a: Century
|
|upkeep
|
|switch|p1a: Percy|Hydreigon, F|100/100
|-damage|p1a: Percy|88/100|[from] Stealth Rock
|turn|11
|
|move|p1a: Percy|Dark Pulse|p2a: Corsola
|-supereffective|p2a: Corsola
|-damage|p2a: Corsola|0 fnt
|-start|p1a: Percy|Disable|Dark Pulse|[from] ability: Cursed Body|[of] p2a: Corsola
|-damage|p1a: Percy|78/100|[from] item: Life Orb
|faint|p2a: Corsola
|
|upkeep
|
|switch|p2a: Dragapult|Dragapult, F|100/100
|turn|12
|
|switch|p1a: Ravenclaw|Corviknight, F|100/100
|-damage|p1a: Ravenclaw|88/100|[from] Stealth Rock
|-ability|p1a: Ravenclaw|Pressure
|move|p2a: Dragapult|Outrage|p1a: Ravenclaw
|-resisted|p1a: Ravenclaw
|-damage|p1a: Ravenclaw|50/100
|
|-heal|p1a: Ravenclaw|56/100|[from] item: Leftovers
|upkeep
|turn|13
|j| EvilSportG
|
|move|p2a: Dragapult|Outrage|p1a: Ravenclaw|[from]lockedmove
|-resisted|p1a: Ravenclaw
|-damage|p1a: Ravenclaw|18/100
|move|p1a: Ravenclaw|Roost|p1a: Ravenclaw
|-heal|p1a: Ravenclaw|68/100
|-singleturn|p1a: Ravenclaw|move: Roost
|
|-heal|p1a: Ravenclaw|74/100|[from] item: Leftovers
|upkeep
|turn|14
|c| RRAAAA|whyyyyyyyyyyy
|j| sucamela
|j| zwmi
|
|move|p2a: Dragapult|Outrage|p1a: Ravenclaw|[from]lockedmove
|-resisted|p1a: Ravenclaw
|-damage|p1a: Ravenclaw|38/100
|-start|p2a: Dragapult|confusion|[fatigue]
|move|p1a: Ravenclaw|Roost|p1a: Ravenclaw
|-heal|p1a: Ravenclaw|88/100
|-singleturn|p1a: Ravenclaw|move: Roost
|
|-heal|p1a: Ravenclaw|94/100|[from] item: Leftovers
|upkeep
|turn|15
|
|switch|p2a: Rotom|Rotom-Heat, shiny|100/100
|switch|p1a: Marshall|Conkeldurr, M|100/100
|-damage|p1a: Marshall|94/100|[from] Stealth Rock
|
|-heal|p1a: Marshall|100/100|[from] item: Leftovers
|upkeep
|turn|16
|
|move|p2a: Rotom|Overheat|p1a: Marshall
|-damage|p1a: Marshall|0 fnt
|-unboost|p2a: Rotom|spa|2
|faint|p1a: Marshall
|
|upkeep
|j| PokeArt2004❤
|
|switch|p1a: Hattie|Hatterene, F|100/100
|-damage|p1a: Hattie|88/100|[from] Stealth Rock
|turn|17
|j| nikkhill
|
|switch|p2a: Barraskewda|Barraskewda, F|100/100
|move|p1a: Hattie|Psychic|p2a: Barraskewda
|-damage|p2a: Barraskewda|0 fnt
|faint|p2a: Barraskewda
|
|-heal|p1a: Hattie|94/100|[from] item: Leftovers
|upkeep
|
|switch|p2a: Dragapult|Dragapult, F|100/100
|turn|18
|
|switch|p1a: Ravenclaw|Corviknight, F|94/100
|-damage|p1a: Ravenclaw|81/100|[from] Stealth Rock
|-ability|p1a: Ravenclaw|Pressure
|move|p2a: Dragapult|Phantom Force||[still]
|-prepare|p2a: Dragapult|Phantom Force|p1a: Ravenclaw
|
|-heal|p1a: Ravenclaw|88/100|[from] item: Leftovers
|upkeep
|turn|19
|
|move|p2a: Dragapult|Phantom Force|p1a: Ravenclaw|[from]lockedmove
|-damage|p1a: Ravenclaw|33/100
|move|p1a: Ravenclaw|Roost|p1a: Ravenclaw
|-heal|p1a: Ravenclaw|83/100
|-singleturn|p1a: Ravenclaw|move: Roost
|
|-heal|p1a: Ravenclaw|90/100|[from] item: Leftovers
|upkeep
|turn|20
|
|switch|p2a: Rotom|Rotom-Heat, shiny|100/100
|switch|p1a: Percy|Hydreigon, F|78/100
|-damage|p1a: Percy|66/100|[from] Stealth Rock
|
|upkeep
|turn|21
|l| zwmi
|
|move|p1a: Percy|Dark Pulse|p2a: Rotom
|-damage|p2a: Rotom|34/100
|-damage|p1a: Percy|56/100|[from] item: Life Orb
|cant|p2a: Rotom|flinch
|
|upkeep
|turn|22
|
|move|p1a: Percy|Dark Pulse|p2a: Rotom
|-damage|p2a: Rotom|0 fnt
|-damage|p1a: Percy|46/100|[from] item: Life Orb
|faint|p2a: Rotom
|
|upkeep
|
|switch|p2a: Dragapult|Dragapult, F|100/100
|turn|23
|c| EvilSportG|wow
|c| EvilSportG|gg
|c|☆APW001|gg
|
|move|p2a: Dragapult|Phantom Force||[still]
|-prepare|p2a: Dragapult|Phantom Force|p1a: Percy
|move|p1a: Percy|Dark Pulse|p2a: Dragapult|[miss]
|-miss|p1a: Percy|p2a: Dragapult
|
|upkeep
|turn|24
|
|move|p2a: Dragapult|Phantom Force|p1a: Percy|[from]lockedmove
|-resisted|p1a: Percy
|-damage|p1a: Percy|8/100
|move|p1a: Percy|Dark Pulse|p2a: Dragapult
|-supereffective|p2a: Dragapult
|-damage|p2a: Dragapult|0 fnt
|-damage|p1a: Percy|0 fnt|[from] item: Life Orb
|faint|p2a: Dragapult
|faint|p1a: Percy
|
|win|APW001
