|ScrapeTime|2020-01-01-04:55:21
|j|☆Holysoup
|j|☆vivitheblackmage
|player|p1|Holysoup|red|1314
|player|p2|vivitheblackmage|swimmer-gen4dp|1333
|teamsize|p1|6
|teamsize|p2|6
|gametype|singles
|gen|8
|tier|[Gen 8] OU
|rated|
|rule|Sleep Clause Mod: Limit one foe put to sleep
|rule|Species Clause: Limit one of each Pokémon
|rule|OHKO Clause: OHKO moves are banned
|rule|Evasion Moves Clause: Evasion moves are banned
|rule|Endless Battle Clause: Forcing endless battles is banned
|rule|HP Percentage Mod: HP is shown in percentages
|clearpoke
|poke|p1|Corsola-Galar, F|
|poke|p1|Hydreigon, M|
|poke|p1|Whimsicott, F|
|poke|p1|Gyarados, M|
|poke|p1|Cinderace, F|
|poke|p1|Ditto|
|poke|p2|Clefable, F|
|poke|p2|Corviknight, M|
|poke|p2|Conkeldurr, M|
|poke|p2|Dracovish|
|poke|p2|Toxapex, M|
|poke|p2|Mandibuzz, F|
|rule|Dynamax Clause: You cannot dynamax
|teampreview
|
|start
|switch|p1a: Whimsicott|Whimsicott, F|100/100
|switch|p2a: Clefable|Clefable, F|100/100
|turn|1
|
|move|p1a: Whimsicott|Leech Seed|p2a: Clefable
|-start|p2a: Clefable|move: Leech Seed
|move|p2a: Clefable|Flamethrower|p1a: Whimsicott
|-supereffective|p1a: Whimsicott
|-enditem|p1a: Whimsicott|Focus Sash
|-damage|p1a: Whimsicott|1/100
|
|upkeep
|turn|2
|
|move|p1a: Whimsicott|Tailwind|p1a: Whimsicott
|-sidestart|p1: Holysoup|move: Tailwind
|move|p2a: Clefable|Moonblast|p1a: Whimsicott
|-damage|p1a: Whimsicott|0 fnt
|faint|p1a: Whimsicott
|
|upkeep
|
|switch|p1a: Gyarados|Gyarados, M|100/100
|turn|3
|
|move|p1a: Gyarados|Dragon Dance|p1a: Gyarados
|-boost|p1a: Gyarados|atk|1
|-boost|p1a: Gyarados|spe|1
|move|p2a: Clefable|Thunderbolt|p1a: Gyarados
|-supereffective|p1a: Gyarados
|-damage|p1a: Gyarados|0 fnt
|faint|p1a: Gyarados
|
|upkeep
|
|switch|p1a: Cinderace|Cinderace, F|100/100
|turn|4
|
|switch|p2a: Toxapex|Toxapex, M|100/100
|move|p1a: Cinderace|Pyro Ball|p2a: Toxapex|[miss]
|-miss|p1a: Cinderace|p2a: Toxapex
|
|upkeep
|turn|5
|-message|Holysoup forfeited.
|
|win|vivitheblackmage
|l|☆Holysoup
|raw|Holysoup's rating: 1314 → 1294(-20 for losing)
|raw|vivitheblackmage's rating: 1314 → 1334(+20 for winning)
