|ScrapeTime|2020-01-01-21:15:12
|j|☆Tenshinhan
|j|☆Srdevil
|player|p1|Tenshinhan|101|1481
|player|p2|Srdevil|silver|1472
|teamsize|p1|6
|teamsize|p2|6
|gametype|singles
|gen|8
|tier|[Gen 8] OU
|rated|
|rule|Sleep Clause Mod: Limit one foe put to sleep
|rule|Species Clause: Limit one of each Pokémon
|rule|OHKO Clause: OHKO moves are banned
|rule|Evasion Moves Clause: Evasion moves are banned
|rule|Endless Battle Clause: Forcing endless battles is banned
|rule|HP Percentage Mod: HP is shown in percentages
|clearpoke
|poke|p1|Corviknight, F|
|poke|p1|Dracovish|
|poke|p1|Centiskorch, F|
|poke|p1|Toxtricity, M|
|poke|p1|Sylveon, M|
|poke|p1|Corsola-Galar, M|
|poke|p2|Hydreigon, M|
|poke|p2|Corviknight, M|
|poke|p2|Seismitoad, M|
|poke|p2|Corsola-Galar, M|
|poke|p2|Hatterene, F|
|poke|p2|Eiscue, M|
|rule|Dynamax Clause: You cannot dynamax
|teampreview
|inactive|Battle timer is ON: inactive players will automatically lose when time's up. (requested by Srdevil)
|
|start
|switch|p1a: Centiskorch|Centiskorch, F|100/100
|switch|p2a: Seismitoad|Seismitoad, M|100/100
|turn|1
|
|switch|p2a: Hydreigon|Hydreigon, M|100/100
|move|p1a: Centiskorch|Power Whip|p2a: Hydreigon|[miss]
|-miss|p1a: Centiskorch|p2a: Hydreigon
|
|upkeep
|turn|2
|
|switch|p1a: Sylveon|Sylveon, M|100/100
|move|p2a: Hydreigon|Substitute|p2a: Hydreigon
|-start|p2a: Hydreigon|Substitute
|-damage|p2a: Hydreigon|76/100
|
|-heal|p2a: Hydreigon|82/100|[from] item: Leftovers
|upkeep
|turn|3
|
|switch|p2a: Seismitoad|Seismitoad, M|100/100
|move|p1a: Sylveon|Moonblast|p2a: Seismitoad
|-damage|p2a: Seismitoad|72/100
|
|-heal|p2a: Seismitoad|78/100|[from] item: Leftovers
|upkeep
|turn|4
|
|switch|p1a: Centiskorch|Centiskorch, F|100/100
|move|p2a: Seismitoad|Stealth Rock|p1a: Centiskorch
|-sidestart|p1: Tenshinhan|move: Stealth Rock
|
|-heal|p2a: Seismitoad|84/100|[from] item: Leftovers
|upkeep
|turn|5
|
|switch|p2a: Corviknight|Corviknight, M|100/100
|-ability|p2a: Corviknight|Pressure
|move|p1a: Centiskorch|Coil|p1a: Centiskorch
|-boost|p1a: Centiskorch|atk|1
|-boost|p1a: Centiskorch|def|1
|-boost|p1a: Centiskorch|accuracy|1
|
|upkeep
|turn|6
|
|move|p1a: Centiskorch|Fire Lash|p2a: Corviknight
|-supereffective|p2a: Corviknight
|-damage|p2a: Corviknight|21/100
|-unboost|p2a: Corviknight|def|1
|move|p2a: Corviknight|U-turn|p1a: Centiskorch
|-resisted|p1a: Centiskorch
|-damage|p1a: Centiskorch|94/100
|
|switch|p2a: Corsola|Corsola-Galar, M|100/100|[from]move: U-turn
|
|upkeep
|turn|7
|
|move|p1a: Centiskorch|Fire Lash|p2a: Corsola
|-damage|p2a: Corsola|67/100
|-start|p1a: Centiskorch|Disable|Fire Lash|[from] ability: Cursed Body|[of] p2a: Corsola
|-unboost|p2a: Corsola|def|1
|move|p2a: Corsola|Strength Sap|p1a: Centiskorch
|-unboost|p1a: Centiskorch|atk|1
|-heal|p2a: Corsola|100/100
|
|upkeep
|turn|8
|
|move|p1a: Centiskorch|Coil|p1a: Centiskorch
|-boost|p1a: Centiskorch|atk|1
|-boost|p1a: Centiskorch|def|1
|-boost|p1a: Centiskorch|accuracy|1
|move|p2a: Corsola|Haze|p2a: Corsola
|-clearallboost
|
|upkeep
|turn|9
|
|move|p1a: Centiskorch|Power Whip|p2a: Corsola
|-damage|p2a: Corsola|78/100
|move|p2a: Corsola|Night Shade|p1a: Centiskorch
|-damage|p1a: Centiskorch|67/100
|
|upkeep
|turn|10
|
|move|p1a: Centiskorch|Leech Life|p2a: Corsola
|-resisted|p2a: Corsola
|-damage|p2a: Corsola|65/100
|-heal|p1a: Centiskorch|73/100|[from] drain|[of] p2a: Corsola
|move|p2a: Corsola|Night Shade|p1a: Centiskorch
|-damage|p1a: Centiskorch|46/100
|
|-end|p1a: Centiskorch|Disable
|upkeep
|turn|11
|inactive|Tenshinhan has 120 seconds left.
|
|switch|p1a: Corsola|Corsola-Galar, M|100/100
|-damage|p1a: Corsola|88/100|[from] Stealth Rock
|move|p2a: Corsola|Strength Sap|p1a: Corsola
|-unboost|p1a: Corsola|atk|1
|-heal|p2a: Corsola|97/100
|
|upkeep
|turn|12
|inactive|Tenshinhan has 120 seconds left.
|
|switch|p2a: Hatterene|Hatterene, F|100/100
|move|p1a: Corsola|Night Shade|p2a: Hatterene
|-damage|p2a: Hatterene|69/100
|
|-heal|p2a: Hatterene|75/100|[from] item: Leftovers
|upkeep
|turn|13
|inactive|Tenshinhan has 120 seconds left.
|
|switch|p1a: Sylveon|Sylveon, M|100/100
|-damage|p1a: Sylveon|88/100|[from] Stealth Rock
|move|p2a: Hatterene|Draining Kiss|p1a: Sylveon
|-damage|p1a: Sylveon|77/100
|-heal|p2a: Hatterene|85/100|[from] drain|[of] p1a: Sylveon
|-start|p2a: Hatterene|Attract|[from] ability: Cute Charm|[of] p1a: Sylveon
|
|-heal|p1a: Sylveon|83/100|[from] item: Leftovers
|-heal|p2a: Hatterene|91/100|[from] item: Leftovers
|upkeep
|turn|14
|inactive|Tenshinhan has 120 seconds left.
|
|switch|p2a: Seismitoad|Seismitoad, M|84/100
|move|p1a: Sylveon|Moonblast|p2a: Seismitoad
|-damage|p2a: Seismitoad|59/100
|
|-heal|p2a: Seismitoad|65/100|[from] item: Leftovers
|-heal|p1a: Sylveon|89/100|[from] item: Leftovers
|upkeep
|turn|15
|inactive|Tenshinhan has 120 seconds left.
|
|switch|p1a: Corviknight|Corviknight, F|100/100
|-damage|p1a: Corviknight|88/100|[from] Stealth Rock
|-ability|p1a: Corviknight|Pressure
|move|p2a: Seismitoad|Toxic|p1a: Corviknight
|-immune|p1a: Corviknight
|
|-heal|p2a: Seismitoad|71/100|[from] item: Leftovers
|-heal|p1a: Corviknight|94/100|[from] item: Leftovers
|upkeep
|turn|16
|inactive|Tenshinhan has 120 seconds left.
|
|switch|p2a: Corsola|Corsola-Galar, M|97/100
|move|p1a: Corviknight|Body Press|p2a: Corsola
|-immune|p2a: Corsola
|
|-heal|p1a: Corviknight|100/100|[from] item: Leftovers
|upkeep
|turn|17
|
|move|p1a: Corviknight|Defog|p2a: Corsola
|-unboost|p2a: Corsola|evasion|1
|-sideend|p1: Tenshinhan|Stealth Rock|[from] move: Defog|[of] p1a: Corviknight
|move|p2a: Corsola|Will-O-Wisp|p1a: Corviknight
|-status|p1a: Corviknight|brn
|
|-damage|p1a: Corviknight|94/100 brn|[from] brn
|upkeep
|turn|18
|
|move|p1a: Corviknight|U-turn|p2a: Corsola
|-resisted|p2a: Corsola
|-damage|p2a: Corsola|95/100
|-start|p1a: Corviknight|Disable|U-turn|[from] ability: Cursed Body|[of] p2a: Corsola
|inactive|Tenshinhan has 120 seconds left.
|
|switch|p1a: Toxtricity|Toxtricity, M|100/100|[from]move: U-turn
|move|p2a: Corsola|Night Shade|p1a: Toxtricity
|-damage|p1a: Toxtricity|66/100
|
|upkeep
|turn|19
|inactive|Tenshinhan has 120 seconds left.
|
|switch|p2a: Corviknight|Corviknight, M|21/100
|-ability|p2a: Corviknight|Pressure
|move|p1a: Toxtricity|Sludge Wave|p2a: Corviknight
|-immune|p2a: Corviknight
|
|-heal|p2a: Corviknight|27/100|[from] item: Leftovers
|upkeep
|turn|20
|inactive|Tenshinhan has 120 seconds left.
|
|switch|p1a: Dracovish|Dracovish|100/100
|move|p2a: Corviknight|U-turn|p1a: Dracovish
|-damage|p1a: Dracovish|85/100
|
|switch|p2a: Eiscue|Eiscue, M|100/100|[from]move: U-turn
|
|upkeep
|turn|21
|inactive|Tenshinhan has 120 seconds left.
|
|move|p1a: Dracovish|Crunch|p2a: Eiscue
|-activate|p2a: Eiscue|ability: Ice Face
|-damage|p2a: Eiscue|100/100
|detailschange|p2a: Eiscue|Eiscue-Noice, M
|move|p2a: Eiscue|Liquidation|p1a: Dracovish
|-resisted|p1a: Dracovish
|-damage|p1a: Dracovish|79/100
|
|upkeep
|turn|22
|
|switch|p2a: Hydreigon|Hydreigon, M|82/100
|move|p1a: Dracovish|Crunch|p2a: Hydreigon
|-resisted|p2a: Hydreigon
|-damage|p2a: Hydreigon|56/100
|
|-heal|p2a: Hydreigon|62/100|[from] item: Leftovers
|upkeep
|turn|23
|
|switch|p1a: Sylveon|Sylveon, M|89/100
|move|p2a: Hydreigon|Flamethrower|p1a: Sylveon
|-damage|p1a: Sylveon|74/100
|
|-heal|p2a: Hydreigon|68/100|[from] item: Leftovers
|-heal|p1a: Sylveon|80/100|[from] item: Leftovers
|upkeep
|turn|24
|
|switch|p2a: Seismitoad|Seismitoad, M|71/100
|move|p1a: Sylveon|Moonblast|p2a: Seismitoad
|-damage|p2a: Seismitoad|47/100
|-unboost|p2a: Seismitoad|spa|1
|
|-heal|p2a: Seismitoad|53/100|[from] item: Leftovers
|-heal|p1a: Sylveon|86/100|[from] item: Leftovers
|upkeep
|turn|25
|
|move|p2a: Seismitoad|Stealth Rock|p1a: Sylveon
|-sidestart|p1: Tenshinhan|move: Stealth Rock
|move|p1a: Sylveon|Moonblast|p2a: Seismitoad
|-damage|p2a: Seismitoad|27/100
|
|-heal|p2a: Seismitoad|33/100|[from] item: Leftovers
|-heal|p1a: Sylveon|92/100|[from] item: Leftovers
|upkeep
|turn|26
|
|switch|p1a: Corviknight|Corviknight, F|94/100 brn
|-damage|p1a: Corviknight|82/100 brn|[from] Stealth Rock
|-ability|p1a: Corviknight|Pressure
|move|p2a: Seismitoad|Toxic|p1a: Corviknight|[miss]
|-miss|p2a: Seismitoad|p1a: Corviknight
|
|-heal|p2a: Seismitoad|39/100|[from] item: Leftovers
|-heal|p1a: Corviknight|88/100 brn|[from] item: Leftovers
|-damage|p1a: Corviknight|82/100 brn|[from] brn
|upkeep
|turn|27
|
|move|p2a: Seismitoad|Stealth Rock||[still]
|-fail|p2a: Seismitoad
|move|p1a: Corviknight|Defog|p2a: Seismitoad
|-unboost|p2a: Seismitoad|evasion|1
|-sideend|p1: Tenshinhan|Stealth Rock|[from] move: Defog|[of] p1a: Corviknight
|
|-heal|p2a: Seismitoad|45/100|[from] item: Leftovers
|-heal|p1a: Corviknight|88/100 brn|[from] item: Leftovers
|-damage|p1a: Corviknight|82/100 brn|[from] brn
|upkeep
|turn|28
|
|move|p2a: Seismitoad|Scald|p1a: Corviknight
|-damage|p1a: Corviknight|65/100 brn
|move|p1a: Corviknight|Body Press|p2a: Seismitoad
|-damage|p2a: Seismitoad|32/100
|
|-heal|p2a: Seismitoad|38/100|[from] item: Leftovers
|-heal|p1a: Corviknight|71/100 brn|[from] item: Leftovers
|-damage|p1a: Corviknight|65/100 brn|[from] brn
|upkeep
|turn|29
|
|move|p2a: Seismitoad|Stealth Rock|p1a: Corviknight
|-sidestart|p1: Tenshinhan|move: Stealth Rock
|move|p1a: Corviknight|U-turn|p2a: Seismitoad
|-damage|p2a: Seismitoad|30/100
|
|switch|p1a: Dracovish|Dracovish|79/100|[from]move: U-turn
|-damage|p1a: Dracovish|67/100|[from] Stealth Rock
|
|-heal|p2a: Seismitoad|36/100|[from] item: Leftovers
|upkeep
|turn|30
|
|move|p2a: Seismitoad|Protect|p2a: Seismitoad
|-singleturn|p2a: Seismitoad|Protect
|move|p1a: Dracovish|Ice Fang|p2a: Seismitoad
|-activate|p2a: Seismitoad|move: Protect
|
|-heal|p2a: Seismitoad|43/100|[from] item: Leftovers
|upkeep
|turn|31
|
|move|p1a: Dracovish|Ice Fang|p2a: Seismitoad
|-damage|p2a: Seismitoad|2/100
|move|p2a: Seismitoad|Scald|p1a: Dracovish
|-resisted|p1a: Dracovish
|-damage|p1a: Dracovish|62/100
|
|-heal|p2a: Seismitoad|8/100|[from] item: Leftovers
|upkeep
|turn|32
|
|switch|p2a: Corviknight|Corviknight, M|27/100
|-ability|p2a: Corviknight|Pressure
|move|p1a: Dracovish|Ice Fang|p2a: Corviknight
|-damage|p2a: Corviknight|4/100
|
|-heal|p2a: Corviknight|10/100|[from] item: Leftovers
|upkeep
|turn|33
|inactive|Tenshinhan has 120 seconds left.
|
|move|p1a: Dracovish|Ice Fang|p2a: Corviknight
|-damage|p2a: Corviknight|0 fnt
|faint|p2a: Corviknight
|
|upkeep
|
|switch|p2a: Corsola|Corsola-Galar, M|95/100
|turn|34
|
|switch|p1a: Corviknight|Corviknight, F|65/100 brn
|-damage|p1a: Corviknight|52/100 brn|[from] Stealth Rock
|-ability|p1a: Corviknight|Pressure
|move|p2a: Corsola|Night Shade|p1a: Corviknight
|-damage|p1a: Corviknight|27/100 brn
|
|-heal|p1a: Corviknight|34/100 brn|[from] item: Leftovers
|-damage|p1a: Corviknight|27/100 brn|[from] brn
|upkeep
|turn|35
|
|switch|p2a: Seismitoad|Seismitoad, M|8/100
|move|p1a: Corviknight|Roost|p1a: Corviknight
|-heal|p1a: Corviknight|77/100 brn
|-singleturn|p1a: Corviknight|move: Roost
|
|-heal|p2a: Seismitoad|15/100|[from] item: Leftovers
|-heal|p1a: Corviknight|84/100 brn|[from] item: Leftovers
|-damage|p1a: Corviknight|77/100 brn|[from] brn
|upkeep
|turn|36
|
|move|p2a: Seismitoad|Scald|p1a: Corviknight
|-damage|p1a: Corviknight|54/100 brn
|move|p1a: Corviknight|Body Press|p2a: Seismitoad
|-damage|p2a: Seismitoad|0 fnt
|faint|p2a: Seismitoad
|
|-heal|p1a: Corviknight|60/100 brn|[from] item: Leftovers
|-damage|p1a: Corviknight|54/100 brn|[from] brn
|upkeep
|
|switch|p2a: Hatterene|Hatterene, F|91/100
|turn|37
|
|move|p1a: Corviknight|U-turn|p2a: Hatterene
|-damage|p2a: Hatterene|84/100
|
|switch|p1a: Sylveon|Sylveon, M|92/100|[from]move: U-turn
|-damage|p1a: Sylveon|79/100|[from] Stealth Rock
|move|p2a: Hatterene|Mystical Fire|p1a: Sylveon
|-damage|p1a: Sylveon|69/100
|-unboost|p1a: Sylveon|spa|1
|
|-heal|p1a: Sylveon|75/100|[from] item: Leftovers
|-heal|p2a: Hatterene|90/100|[from] item: Leftovers
|upkeep
|turn|38
|
|move|p1a: Sylveon|Mystical Fire|p2a: Hatterene
|-damage|p2a: Hatterene|78/100
|-unboost|p2a: Hatterene|spa|1
|move|p2a: Hatterene|Mystical Fire|p1a: Sylveon
|-damage|p1a: Sylveon|66/100
|-unboost|p1a: Sylveon|spa|1
|
|-heal|p1a: Sylveon|73/100|[from] item: Leftovers
|-heal|p2a: Hatterene|84/100|[from] item: Leftovers
|upkeep
|turn|39
|
|move|p1a: Sylveon|Moonblast|p2a: Hatterene
|-damage|p2a: Hatterene|66/100
|move|p2a: Hatterene|Nuzzle|p1a: Sylveon
|-damage|p1a: Sylveon|68/100
|-status|p1a: Sylveon|par
|
|-heal|p2a: Hatterene|72/100|[from] item: Leftovers
|-heal|p1a: Sylveon|74/100 par|[from] item: Leftovers
|upkeep
|turn|40
|
|move|p2a: Hatterene|Mystical Fire|p1a: Sylveon
|-damage|p1a: Sylveon|66/100 par
|-unboost|p1a: Sylveon|spa|1
|move|p1a: Sylveon|Wish|p1a: Sylveon
|
|-heal|p2a: Hatterene|78/100|[from] item: Leftovers
|-heal|p1a: Sylveon|73/100 par|[from] item: Leftovers
|upkeep
|turn|41
|
|switch|p1a: Toxtricity|Toxtricity, M|66/100
|-damage|p1a: Toxtricity|54/100|[from] Stealth Rock
|move|p2a: Hatterene|Nuzzle|p1a: Toxtricity
|-resisted|p1a: Toxtricity
|-damage|p1a: Toxtricity|51/100
|
|-heal|p1a: Toxtricity|100/100|[from] move: Wish|[wisher] Sylveon
|-heal|p2a: Hatterene|84/100|[from] item: Leftovers
|upkeep
|turn|42
|
|switch|p2a: Hydreigon|Hydreigon, M|68/100
|move|p1a: Toxtricity|Sludge Wave|p2a: Hydreigon
|-damage|p2a: Hydreigon|19/100
|
|-heal|p2a: Hydreigon|25/100|[from] item: Leftovers
|upkeep
|turn|43
|
|move|p1a: Toxtricity|Sludge Wave|p2a: Hydreigon
|-damage|p2a: Hydreigon|0 fnt
|faint|p2a: Hydreigon
|
|upkeep
|
|switch|p2a: Corsola|Corsola-Galar, M|95/100
|turn|44
|
|move|p1a: Toxtricity|Sludge Wave|p2a: Corsola
|-resisted|p2a: Corsola
|-damage|p2a: Corsola|80/100
|move|p2a: Corsola|Night Shade|p1a: Toxtricity
|-damage|p1a: Toxtricity|66/100
|
|upkeep
|turn|45
|
|move|p1a: Toxtricity|Sludge Wave|p2a: Corsola
|-resisted|p2a: Corsola
|-damage|p2a: Corsola|66/100
|-start|p1a: Toxtricity|Disable|Sludge Wave|[from] ability: Cursed Body|[of] p2a: Corsola
|move|p2a: Corsola|Night Shade|p1a: Toxtricity
|-damage|p1a: Toxtricity|32/100
|
|upkeep
|turn|46
|
|switch|p1a: Corsola|Corsola-Galar, M|88/100
|-damage|p1a: Corsola|76/100|[from] Stealth Rock
|move|p2a: Corsola|Night Shade|p1a: Corsola
|-damage|p1a: Corsola|45/100
|
|upkeep
|turn|47
|
|move|p2a: Corsola|Night Shade|p1a: Corsola
|-damage|p1a: Corsola|14/100
|move|p1a: Corsola|Strength Sap|p2a: Corsola
|-unboost|p2a: Corsola|atk|1
|-heal|p1a: Corsola|46/100
|
|upkeep
|turn|48
|
|switch|p2a: Hatterene|Hatterene, F|84/100
|move|p1a: Corsola|Will-O-Wisp|p2a: Hatterene
|move|p2a: Hatterene|Will-O-Wisp|p1a: Corsola|[from]Magic Bounce
|-status|p1a: Corsola|brn
|
|-heal|p2a: Hatterene|90/100|[from] item: Leftovers
|-damage|p1a: Corsola|40/100 brn|[from] brn
|upkeep
|turn|49
|
|move|p1a: Corsola|Stealth Rock|p2a: Hatterene
|move|p2a: Hatterene|Stealth Rock||[from]Magic Bounce|[still]
|-fail|p2a: Hatterene
|move|p2a: Hatterene|Mystical Fire|p1a: Corsola
|-damage|p1a: Corsola|23/100 brn
|-unboost|p1a: Corsola|spa|1
|
|-heal|p2a: Hatterene|96/100|[from] item: Leftovers
|-damage|p1a: Corsola|17/100 brn|[from] brn
|upkeep
|turn|50
|
|move|p1a: Corsola|Night Shade|p2a: Hatterene
|-damage|p2a: Hatterene|64/100
|move|p2a: Hatterene|Draining Kiss|p1a: Corsola
|-damage|p1a: Corsola|2/100 brn
|-heal|p2a: Hatterene|76/100|[from] drain|[of] p1a: Corsola
|
|-heal|p2a: Hatterene|82/100|[from] item: Leftovers
|-damage|p1a: Corsola|0 fnt|[from] brn
|faint|p1a: Corsola
|upkeep
|
|switch|p1a: Dracovish|Dracovish|62/100
|-damage|p1a: Dracovish|49/100|[from] Stealth Rock
|turn|51
|
|move|p1a: Dracovish|Fishious Rend|p2a: Hatterene
|-damage|p2a: Hatterene|0 fnt
|faint|p2a: Hatterene
|
|upkeep
|
|switch|p2a: Corsola|Corsola-Galar, M|66/100
|turn|52
|
|move|p1a: Dracovish|Fishious Rend|p2a: Corsola
|-damage|p2a: Corsola|0 fnt
|-start|p1a: Dracovish|Disable|Fishious Rend|[from] ability: Cursed Body|[of] p2a: Corsola
|faint|p2a: Corsola
|
|upkeep
|
|switch|p2a: Eiscue|Eiscue-Noice, M|100/100
|turn|53
|
|move|p2a: Eiscue|Belly Drum|p2a: Eiscue
|-damage|p2a: Eiscue|51/100
|-setboost|p2a: Eiscue|atk|6|[from] move: Belly Drum
|-activate|p1a: Dracovish|move: Struggle
|move|p1a: Dracovish|Struggle|p2a: Eiscue
|-damage|p2a: Eiscue|18/100
|-enditem|p2a: Eiscue|Sitrus Berry|[eat]
|-heal|p2a: Eiscue|43/100|[from] item: Sitrus Berry
|-damage|p1a: Dracovish|24/100|[from] recoil
|
|upkeep
|turn|54
|
|move|p2a: Eiscue|Ice Punch|p1a: Dracovish
|-damage|p1a: Dracovish|0 fnt
|faint|p1a: Dracovish
|
|upkeep
|
|switch|p1a: Corviknight|Corviknight, F|54/100 brn
|-damage|p1a: Corviknight|41/100 brn|[from] Stealth Rock
|-ability|p1a: Corviknight|Pressure
|turn|55
|
|move|p2a: Eiscue|Ice Punch|p1a: Corviknight
|-damage|p1a: Corviknight|0 fnt
|faint|p1a: Corviknight
|
|upkeep
|c|☆Tenshinhan|Gg noobie
|
|switch|p1a: Centiskorch|Centiskorch, F|46/100
|-damage|p1a: Centiskorch|0 fnt|[from] Stealth Rock
|faint|p1a: Centiskorch
|
|switch|p1a: Toxtricity|Toxtricity, M|32/100
|-damage|p1a: Toxtricity|19/100|[from] Stealth Rock
|turn|56
|
|move|p1a: Toxtricity|Boomburst|p2a: Eiscue
|-damage|p2a: Eiscue|0 fnt
|faint|p2a: Eiscue
|
|win|Tenshinhan
|c|☆Tenshinhan|Gagagagaga
|c|☆Srdevil|Gg
|c|☆Tenshinhan|Hagagagagafaffaa
|c|☆Tenshinhan|Gagagagagaga
|l|☆Tenshinhan
|c|☆Srdevil|???
