|ScrapeTime|2020-01-01-23:35:16
|j|☆whatilikeaboutmew
|j|☆Mortariius
|player|p1|whatilikeaboutmew|lucas-gen4pt|1205
|player|p2|Mortariius|101|1192
|teamsize|p1|6
|teamsize|p2|6
|gametype|singles
|gen|8
|tier|[Gen 8] OU
|rated|
|rule|Sleep Clause Mod: Limit one foe put to sleep
|rule|Species Clause: Limit one of each Pokémon
|rule|OHKO Clause: OHKO moves are banned
|rule|Evasion Moves Clause: Evasion moves are banned
|rule|Endless Battle Clause: Forcing endless battles is banned
|rule|HP Percentage Mod: HP is shown in percentages
|clearpoke
|poke|p1|Aegislash, M|
|poke|p1|Crawdaunt, M|
|poke|p1|Mew|
|poke|p1|Lucario, F|
|poke|p1|Bisharp, F|
|poke|p1|Dragapult, M|
|poke|p2|Tyranitar, M|
|poke|p2|Excadrill, M|
|poke|p2|Toxapex, F|
|poke|p2|Seismitoad, M|
|poke|p2|Corviknight, F|
|poke|p2|Cinderace, M|
|rule|Dynamax Clause: You cannot dynamax
|teampreview
|
|start
|switch|p1a: Mew|Mew|100/100
|switch|p2a: Tyranitar|Tyranitar, M|100/100
|-weather|Sandstorm|[from] ability: Sand Stream|[of] p2a: Tyranitar
|turn|1
|
|move|p1a: Mew|Stealth Rock|p2a: Tyranitar
|-sidestart|p2: Mortariius|move: Stealth Rock
|move|p2a: Tyranitar|Crunch|p1a: Mew
|-supereffective|p1a: Mew
|-damage|p1a: Mew|33/100
|
|-weather|Sandstorm|[upkeep]
|-damage|p1a: Mew|27/100|[from] Sandstorm
|upkeep
|turn|2
|
|move|p1a: Mew|Spikes|p2a: Tyranitar
|-sidestart|p2: Mortariius|Spikes
|move|p2a: Tyranitar|Crunch|p1a: Mew
|-supereffective|p1a: Mew
|-damage|p1a: Mew|0 fnt
|faint|p1a: Mew
|
|-weather|Sandstorm|[upkeep]
|upkeep
|
|switch|p1a: Bisharp|Bisharp, F|100/100
|turn|3
|
|switch|p2a: Cinderace|Cinderace, M|100/100
|move|p1a: Bisharp|Swords Dance|p1a: Bisharp
|-boost|p1a: Bisharp|atk|2
|
|-weather|Sandstorm|[upkeep]
|-damage|p2a: Cinderace|95/100|[from] Sandstorm
|upkeep
|turn|4
|
|move|p2a: Cinderace|Court Change|p2a: Cinderace
|-sideend|p2: Mortariius|Spikes|[silent]
|-sidestart|p1: whatilikeaboutmew|Spikes|[silent]
|-sideend|p2: Mortariius|Stealth Rock|[silent]
|-sidestart|p1: whatilikeaboutmew|Stealth Rock|[silent]
|-activate|p2a: Cinderace|move: Court Change
|move|p1a: Bisharp|Throat Chop|p2a: Cinderace
|-damage|p2a: Cinderace|0 fnt
|-damage|p1a: Bisharp|91/100|[from] item: Life Orb
|faint|p2a: Cinderace
|
|-weather|Sandstorm|[upkeep]
|upkeep
|
|switch|p2a: Excadrill|Excadrill, M|100/100
|turn|5
|
|move|p1a: Bisharp|Sucker Punch|p2a: Excadrill
|-damage|p2a: Excadrill|0 fnt
|-damage|p1a: Bisharp|81/100|[from] item: Life Orb
|faint|p2a: Excadrill
|
|-weather|none
|upkeep
|
|switch|p2a: Toxapex|Toxapex, F|100/100
|turn|6
|
|move|p1a: Bisharp|Throat Chop|p2a: Toxapex
|-damage|p2a: Toxapex|33/100
|-damage|p1a: Bisharp|64/100|[from] item: Rocky Helmet|[of] p2a: Toxapex
|-start|p2a: Toxapex|Throat Chop|[silent]
|-damage|p1a: Bisharp|54/100|[from] item: Life Orb
|move|p2a: Toxapex|Haze|p2a: Toxapex
|-clearallboost
|
|upkeep
|turn|7
|
|move|p1a: Bisharp|Throat Chop|p2a: Toxapex
|-damage|p2a: Toxapex|0 fnt
|-damage|p1a: Bisharp|37/100|[from] item: Rocky Helmet|[of] p2a: Toxapex
|-damage|p1a: Bisharp|27/100|[from] item: Life Orb
|faint|p2a: Toxapex
|
|upkeep
|-message|Mortariius forfeited.
|
|win|whatilikeaboutmew
|l|☆Mortariius
|raw|whatilikeaboutmew's rating: 1205 → 1229(+24 for winning)
|raw|Mortariius's rating: 1192 → 1167(-25 for losing)
