|ScrapeTime|2020-01-01-13:56:07
|j|☆noobstrats123
|j|☆SeviValero
|player|p1|noobstrats123|170|1000
|player|p2|SeviValero|blackbelt-gen4dp|1029
|teamsize|p1|6
|teamsize|p2|6
|gametype|singles
|gen|8
|tier|[Gen 8] OU
|rated|
|rule|Sleep Clause Mod: Limit one foe put to sleep
|rule|Species Clause: Limit one of each Pokémon
|rule|OHKO Clause: OHKO moves are banned
|rule|Evasion Moves Clause: Evasion moves are banned
|rule|Endless Battle Clause: Forcing endless battles is banned
|rule|HP Percentage Mod: HP is shown in percentages
|clearpoke
|poke|p1|Ribombee, M|
|poke|p1|Dugtrio, M|
|poke|p1|Cinderace, F|
|poke|p1|Dragapult, F|
|poke|p1|Excadrill, M|
|poke|p1|Corviknight, F|
|poke|p2|Cinderace, M|
|poke|p2|Hitmontop, M|
|poke|p2|Toxtricity, M|
|poke|p2|Milotic, F|
|poke|p2|Dragapult, M|
|poke|p2|Grimmsnarl, M|
|rule|Dynamax Clause: You cannot dynamax
|teampreview
|inactive|Battle timer is ON: inactive players will automatically lose when time's up. (requested by noobstrats123)
|
|start
|switch|p1a: Ribombee|Ribombee, M|100/100
|switch|p2a: Milotic|Milotic, F, shiny|100/100
|turn|1
|
|move|p1a: Ribombee|Skill Swap|p2a: Milotic
|-activate|p1a: Ribombee|move: Skill Swap|Competitive|Honey Gather|[of] p2a: Milotic
|move|p2a: Milotic|Scald|p1a: Ribombee
|-damage|p1a: Ribombee|49/100
|
|upkeep
|turn|2
|
|move|p1a: Ribombee|Sticky Web|p2a: Milotic
|-sidestart|p2: SeviValero|move: Sticky Web
|move|p2a: Milotic|Scald|p1a: Ribombee
|-damage|p1a: Ribombee|3/100
|
|upkeep
|turn|3
|
|move|p1a: Ribombee|Stun Spore|p2a: Milotic
|-status|p2a: Milotic|par
|move|p2a: Milotic|Ice Beam|p1a: Ribombee
|-damage|p1a: Ribombee|0 fnt
|faint|p1a: Ribombee
|
|upkeep
|
|switch|p1a: Dragapult|Dragapult, F|100/100
|turn|4
|
|move|p1a: Dragapult|Reflect|p1a: Dragapult
|-sidestart|p1: noobstrats123|Reflect
|move|p2a: Milotic|Scald|p1a: Dragapult
|-resisted|p1a: Dragapult
|-damage|p1a: Dragapult|85/100
|-status|p1a: Dragapult|brn
|
|-damage|p1a: Dragapult|79/100 brn|[from] brn
|upkeep
|turn|5
|
|move|p1a: Dragapult|Light Screen|p1a: Dragapult
|-sidestart|p1: noobstrats123|move: Light Screen
|cant|p2a: Milotic|par
|
|-damage|p1a: Dragapult|73/100 brn|[from] brn
|upkeep
|turn|6
|
|move|p1a: Dragapult|Confuse Ray|p2a: Milotic
|-start|p2a: Milotic|confusion
|-activate|p2a: Milotic|confusion
|-damage|p2a: Milotic|96/100 par|[from] confusion
|
|-heal|p2a: Milotic|100/100 par|[from] item: Leftovers
|-damage|p1a: Dragapult|67/100 brn|[from] brn
|upkeep
|turn|7
|
|switch|p1a: Cinderace|Cinderace, F|100/100
|-activate|p2a: Milotic|confusion
|-damage|p2a: Milotic|96/100 par|[from] confusion
|
|-heal|p2a: Milotic|100/100 par|[from] item: Leftovers
|upkeep
|turn|8
|
|move|p1a: Cinderace|Bulk Up|p1a: Cinderace
|-boost|p1a: Cinderace|atk|1
|-boost|p1a: Cinderace|def|1
|-end|p2a: Milotic|confusion
|move|p2a: Milotic|Scald|p1a: Cinderace
|-supereffective|p1a: Cinderace
|-damage|p1a: Cinderace|58/100
|
|upkeep
|turn|9
|
|move|p1a: Cinderace|Bulk Up|p1a: Cinderace
|-boost|p1a: Cinderace|atk|1
|-boost|p1a: Cinderace|def|1
|move|p2a: Milotic|Scald|p1a: Cinderace
|-supereffective|p1a: Cinderace
|-damage|p1a: Cinderace|22/100
|
|upkeep
|turn|10
|
|move|p1a: Cinderace|High Jump Kick|p2a: Milotic
|-crit|p2a: Milotic
|-damage|p2a: Milotic|0 fnt
|faint|p2a: Milotic
|
|upkeep
|
|switch|p2a: Cinderace|Cinderace, M|100/100
|turn|11
|
|move|p2a: Cinderace|Gunk Shot|p1a: Cinderace|[miss]
|-miss|p2a: Cinderace|p1a: Cinderace
|move|p1a: Cinderace|High Jump Kick|p2a: Cinderace
|-damage|p2a: Cinderace|0 fnt
|faint|p2a: Cinderace
|
|-sideend|p1: noobstrats123|Reflect
|upkeep
|
|switch|p2a: Grimmsnarl|Grimmsnarl, M|100/100
|-activate|p2a: Grimmsnarl|move: Sticky Web
|-unboost|p2a: Grimmsnarl|spe|1
|turn|12
|
|move|p1a: Cinderace|Pyro Ball|p2a: Grimmsnarl
|-damage|p2a: Grimmsnarl|0 fnt
|faint|p2a: Grimmsnarl
|
|-sideend|p1: noobstrats123|move: Light Screen
|upkeep
|
|switch|p2a: Hitmontop|Hitmontop, M|100/100
|-activate|p2a: Hitmontop|move: Sticky Web
|-unboost|p2a: Hitmontop|spe|1
|turn|13
|
|move|p1a: Cinderace|Pyro Ball|p2a: Hitmontop
|-damage|p2a: Hitmontop|0 fnt
|faint|p2a: Hitmontop
|
|upkeep
|
|switch|p2a: Toxtricity|Toxtricity, M|100/100
|-activate|p2a: Toxtricity|move: Sticky Web
|-unboost|p2a: Toxtricity|spe|1
|turn|14
|
|move|p1a: Cinderace|Pyro Ball|p2a: Toxtricity
|-damage|p2a: Toxtricity|0 fnt
|faint|p2a: Toxtricity
|
|upkeep
|inactive|SeviValero has 120 seconds left.
|inactive|SeviValero has 90 seconds left.
|inactive|SeviValero has 60 seconds left.
|inactive|SeviValero has 30 seconds left.
|inactive|SeviValero has 20 seconds left.
|l|☆SeviValero
|inactive|SeviValero disconnected and has a minute to reconnect!
|player|p2|
|inactive|SeviValero has 15 seconds left.
|inactive|SeviValero has 10 seconds left.
|inactive|SeviValero has 5 seconds left.
|-message|SeviValero lost due to inactivity.
|
|win|noobstrats123
|raw|noobstrats123's rating: 1000 → 1043(+43 for winning)
|raw|SeviValero's rating: 1030 → 1014(-16 for losing)
