|ScrapeTime|2020-01-01-22:05:32
|j|☆DaZb0N3z
|j|☆CoShiKa
|player|p1|DaZb0N3z|169|1126
|player|p2|CoShiKa|266|1094
|teamsize|p1|6
|teamsize|p2|6
|gametype|singles
|gen|8
|tier|[Gen 8] OU
|rated|
|rule|Sleep Clause Mod: Limit one foe put to sleep
|rule|Species Clause: Limit one of each Pokémon
|rule|OHKO Clause: OHKO moves are banned
|rule|Evasion Moves Clause: Evasion moves are banned
|rule|Endless Battle Clause: Forcing endless battles is banned
|rule|HP Percentage Mod: HP is shown in percentages
|clearpoke
|poke|p1|Toxtricity, F|
|poke|p1|Seismitoad, F|
|poke|p1|Dragapult, M|
|poke|p1|Corviknight, F|
|poke|p1|Centiskorch, F|
|poke|p1|Clefable, M|
|poke|p2|Hippowdon, F|
|poke|p2|Rotom-Heat|
|poke|p2|Togekiss, M|
|poke|p2|Hydreigon, F|
|poke|p2|Toxapex, F|
|poke|p2|Corsola-Galar, F|
|rule|Dynamax Clause: You cannot dynamax
|teampreview
|
|start
|switch|p1a: Seismitoad|Seismitoad, F|100/100
|switch|p2a: Rotom|Rotom-Heat|100/100
|turn|1
|
|switch|p2a: Corsola|Corsola-Galar, F|100/100
|move|p1a: Seismitoad|Scald|p2a: Corsola
|-damage|p2a: Corsola|84/100
|
|upkeep
|turn|2
|
|move|p1a: Seismitoad|Toxic|p2a: Corsola
|-status|p2a: Corsola|tox
|move|p2a: Corsola|Stealth Rock|p1a: Seismitoad
|-sidestart|p1: DaZb0N3z|move: Stealth Rock
|
|-damage|p2a: Corsola|78/100 tox|[from] psn
|upkeep
|turn|3
|
|switch|p1a: Centiskorch|Centiskorch, F|100/100
|move|p2a: Corsola|Will-O-Wisp|p1a: Centiskorch
|-start|p1a: Centiskorch|ability: Flash Fire
|
|-damage|p2a: Corsola|65/100 tox|[from] psn
|upkeep
|turn|4
|
|switch|p2a: Toxapex|Toxapex, F|100/100
|move|p1a: Centiskorch|Fire Lash|p2a: Toxapex
|-resisted|p2a: Toxapex
|-damage|p2a: Toxapex|82/100
|-unboost|p2a: Toxapex|def|1
|
|-heal|p2a: Toxapex|88/100|[from] item: Black Sludge
|upkeep
|turn|5
|
|move|p1a: Centiskorch|Knock Off|p2a: Toxapex
|-crit|p2a: Toxapex
|-damage|p2a: Toxapex|48/100
|-enditem|p2a: Toxapex|Black Sludge|[from] move: Knock Off|[of] p1a: Centiskorch
|move|p2a: Toxapex|Liquidation|p1a: Centiskorch
|-supereffective|p1a: Centiskorch
|-damage|p1a: Centiskorch|49/100
|
|upkeep
|turn|6
|
|-end|p1a: Centiskorch|ability: Flash Fire|[silent]
|switch|p1a: Corviknight|Corviknight, F|100/100
|-damage|p1a: Corviknight|88/100|[from] Stealth Rock
|-ability|p1a: Corviknight|Pressure
|switch|p2a: Rotom|Rotom-Heat|100/100
|
|-heal|p1a: Corviknight|94/100|[from] item: Leftovers
|upkeep
|turn|7
|
|switch|p1a: Seismitoad|Seismitoad, F|100/100
|-damage|p1a: Seismitoad|94/100|[from] Stealth Rock
|move|p2a: Rotom|Trick|p1a: Seismitoad
|-activate|p2a: Rotom|move: Trick|[of] p1a: Seismitoad
|-item|p1a: Seismitoad|Choice Specs|[from] move: Trick
|-item|p2a: Rotom|Leftovers|[from] move: Trick
|
|upkeep
|turn|8
|
|switch|p2a: Toxapex|Toxapex, F|81/100
|move|p1a: Seismitoad|Stealth Rock|p2a: Toxapex
|-sidestart|p2: CoShiKa|move: Stealth Rock
|
|upkeep
|turn|9
|
|switch|p1a: Corviknight|Corviknight, F|94/100
|-damage|p1a: Corviknight|82/100|[from] Stealth Rock
|-ability|p1a: Corviknight|Pressure
|move|p2a: Toxapex|Toxic|p1a: Corviknight
|-immune|p1a: Corviknight
|
|-heal|p1a: Corviknight|88/100|[from] item: Leftovers
|upkeep
|turn|10
|
|switch|p2a: Togekiss|Togekiss, M|100/100
|-damage|p2a: Togekiss|75/100|[from] Stealth Rock
|move|p1a: Corviknight|Defog|p2a: Togekiss
|-unboost|p2a: Togekiss|evasion|1
|-sideend|p2: CoShiKa|Stealth Rock|[from] move: Defog|[of] p1a: Corviknight
|-sideend|p1: DaZb0N3z|Stealth Rock|[from] move: Defog|[of] p1a: Corviknight
|
|-heal|p1a: Corviknight|94/100|[from] item: Leftovers
|upkeep
|turn|11
|
|switch|p1a: Toxtricity|Toxtricity, F|100/100
|move|p2a: Togekiss|Flamethrower|p1a: Toxtricity
|-damage|p1a: Toxtricity|32/100
|
|upkeep
|turn|12
|
|switch|p2a: Hippowdon|Hippowdon, F|100/100
|-weather|Sandstorm|[from] ability: Sand Stream|[of] p2a: Hippowdon
|move|p1a: Toxtricity|Boomburst|p2a: Hippowdon
|-damage|p2a: Hippowdon|17/100
|
|-weather|Sandstorm|[upkeep]
|-damage|p1a: Toxtricity|26/100|[from] Sandstorm
|-heal|p2a: Hippowdon|23/100|[from] item: Leftovers
|upkeep
|turn|13
|
|switch|p2a: Toxapex|Toxapex, F|100/100
|move|p1a: Toxtricity|Boomburst|p2a: Toxapex
|-damage|p2a: Toxapex|29/100
|
|-weather|Sandstorm|[upkeep]
|-damage|p1a: Toxtricity|20/100|[from] Sandstorm
|-damage|p2a: Toxapex|23/100|[from] Sandstorm
|upkeep
|turn|14
|
|move|p2a: Toxapex|Baneful Bunker|p2a: Toxapex
|-singleturn|p2a: Toxapex|move: Protect
|move|p1a: Toxtricity|Boomburst|p2a: Toxapex
|-activate|p2a: Toxapex|move: Protect
|
|-weather|Sandstorm|[upkeep]
|-damage|p1a: Toxtricity|14/100|[from] Sandstorm
|-damage|p2a: Toxapex|16/100|[from] Sandstorm
|upkeep
|turn|15
|
|switch|p2a: Corsola|Corsola-Galar, F|65/100 tox
|move|p1a: Toxtricity|Boomburst|p2a: Corsola
|-immune|p2a: Corsola
|
|-weather|Sandstorm|[upkeep]
|-damage|p1a: Toxtricity|8/100|[from] Sandstorm
|-damage|p2a: Corsola|59/100 tox|[from] Sandstorm
|-damage|p2a: Corsola|53/100 tox|[from] psn
|upkeep
|turn|16
|
|move|p1a: Toxtricity|Boomburst|p2a: Corsola
|-immune|p2a: Corsola
|move|p2a: Corsola|Stealth Rock|p1a: Toxtricity
|-sidestart|p1: DaZb0N3z|move: Stealth Rock
|
|-weather|none
|-damage|p2a: Corsola|41/100 tox|[from] psn
|upkeep
|turn|17
|
|switch|p1a: Centiskorch|Centiskorch, F|49/100
|move|p2a: Corsola|Strength Sap|p1a: Centiskorch
|-unboost|p1a: Centiskorch|atk|1
|-heal|p2a: Corsola|100/100 tox
|
|-damage|p2a: Corsola|82/100 tox|[from] psn
|upkeep
|turn|18
|
|switch|p2a: Toxapex|Toxapex, F|50/100
|move|p1a: Centiskorch|Knock Off|p2a: Toxapex
|-damage|p2a: Toxapex|40/100
|
|upkeep
|turn|19
|
|switch|p1a: Seismitoad|Seismitoad, F|94/100
|-damage|p1a: Seismitoad|88/100|[from] Stealth Rock
|move|p2a: Toxapex|Baneful Bunker||[still]
|-fail|p2a: Toxapex
|
|upkeep
|turn|20
|
|switch|p2a: Togekiss|Togekiss, M|75/100
|move|p1a: Seismitoad|Stealth Rock|p2a: Togekiss
|-sidestart|p2: CoShiKa|move: Stealth Rock
|
|upkeep
|turn|21
|
|switch|p1a: Corviknight|Corviknight, F|94/100
|-damage|p1a: Corviknight|82/100|[from] Stealth Rock
|-ability|p1a: Corviknight|Pressure
|move|p2a: Togekiss|Grass Knot|p1a: Corviknight
|-resisted|p1a: Corviknight
|-damage|p1a: Corviknight|74/100
|
|-heal|p1a: Corviknight|80/100|[from] item: Leftovers
|upkeep
|turn|22
|
|switch|p2a: Rotom|Rotom-Heat|100/100
|-damage|p2a: Rotom|76/100|[from] Stealth Rock
|switch|p1a: Centiskorch|Centiskorch, F|49/100
|
|-heal|p2a: Rotom|82/100|[from] item: Leftovers
|upkeep
|turn|23
|
|move|p2a: Rotom|Volt Switch|p1a: Centiskorch
|-damage|p1a: Centiskorch|24/100
|
|switch|p2a: Toxapex|Toxapex, F|73/100|[from]move: Volt Switch
|-damage|p2a: Toxapex|61/100|[from] Stealth Rock
|move|p1a: Centiskorch|Will-O-Wisp|p2a: Toxapex
|-status|p2a: Toxapex|brn
|
|-damage|p2a: Toxapex|54/100 brn|[from] brn
|upkeep
|turn|24
|
|move|p1a: Centiskorch|Leech Life|p2a: Toxapex
|-resisted|p2a: Toxapex
|-damage|p2a: Toxapex|42/100 brn
|-heal|p1a: Centiskorch|29/100|[from] drain|[of] p2a: Toxapex
|move|p2a: Toxapex|Recover|p2a: Toxapex
|-heal|p2a: Toxapex|92/100 brn
|
|-damage|p2a: Toxapex|86/100 brn|[from] brn
|upkeep
|turn|25
|
|switch|p1a: Corviknight|Corviknight, F|80/100
|-damage|p1a: Corviknight|67/100|[from] Stealth Rock
|-ability|p1a: Corviknight|Pressure
|move|p2a: Toxapex|Liquidation|p1a: Corviknight
|-damage|p1a: Corviknight|60/100
|
|-heal|p1a: Corviknight|66/100|[from] item: Leftovers
|-damage|p2a: Toxapex|80/100 brn|[from] brn
|upkeep
|turn|26
|
|switch|p2a: Togekiss|Togekiss, M|75/100
|-damage|p2a: Togekiss|50/100|[from] Stealth Rock
|move|p1a: Corviknight|Taunt|p2a: Togekiss
|-start|p2a: Togekiss|move: Taunt
|
|-heal|p1a: Corviknight|72/100|[from] item: Leftovers
|upkeep
|turn|27
|
|switch|p1a: Centiskorch|Centiskorch, F|29/100
|move|p2a: Togekiss|Flamethrower|p1a: Centiskorch
|-start|p1a: Centiskorch|ability: Flash Fire
|
|upkeep
|turn|28
|
|switch|p2a: Toxapex|Toxapex, F|100/100 brn
|-damage|p2a: Toxapex|88/100 brn|[from] Stealth Rock
|move|p1a: Centiskorch|Fire Lash|p2a: Toxapex
|-resisted|p2a: Toxapex
|-damage|p2a: Toxapex|70/100 brn
|-unboost|p2a: Toxapex|def|1
|
|-damage|p2a: Toxapex|64/100 brn|[from] brn
|upkeep
|turn|29
|
|-end|p1a: Centiskorch|ability: Flash Fire|[silent]
|switch|p1a: Seismitoad|Seismitoad, F|88/100
|-damage|p1a: Seismitoad|82/100|[from] Stealth Rock
|move|p2a: Toxapex|Liquidation|p1a: Seismitoad
|-heal|p1a: Seismitoad|100/100|[from] ability: Water Absorb|[of] p2a: Toxapex
|
|-damage|p2a: Toxapex|57/100 brn|[from] brn
|upkeep
|turn|30
|
|move|p2a: Toxapex|Baneful Bunker|p2a: Toxapex
|-singleturn|p2a: Toxapex|move: Protect
|move|p1a: Seismitoad|Scald|p2a: Toxapex
|-activate|p2a: Toxapex|move: Protect
|
|-damage|p2a: Toxapex|51/100 brn|[from] brn
|upkeep
|turn|31
|
|switch|p1a: Centiskorch|Centiskorch, F|29/100
|move|p2a: Toxapex|Recover|p2a: Toxapex
|-heal|p2a: Toxapex|100/100 brn
|
|-damage|p2a: Toxapex|94/100 brn|[from] brn
|upkeep
|turn|32
|
|move|p1a: Centiskorch|Will-O-Wisp|p2a: Toxapex
|-fail|p2a: Toxapex|brn
|move|p2a: Toxapex|Liquidation|p1a: Centiskorch
|-supereffective|p1a: Centiskorch
|-damage|p1a: Centiskorch|5/100
|
|-damage|p2a: Toxapex|88/100 brn|[from] brn
|upkeep
|turn|33
|
|move|p1a: Centiskorch|Fire Lash|p2a: Toxapex
|-resisted|p2a: Toxapex
|-damage|p2a: Toxapex|72/100 brn
|-unboost|p2a: Toxapex|def|1
|move|p2a: Toxapex|Liquidation|p1a: Centiskorch
|-supereffective|p1a: Centiskorch
|-damage|p1a: Centiskorch|0 fnt
|faint|p1a: Centiskorch
|
|-damage|p2a: Toxapex|65/100 brn|[from] brn
|upkeep
|
|switch|p1a: Corviknight|Corviknight, F|72/100
|-damage|p1a: Corviknight|60/100|[from] Stealth Rock
|-ability|p1a: Corviknight|Pressure
|turn|34
|
|switch|p2a: Corsola|Corsola-Galar, F|82/100 tox
|-damage|p2a: Corsola|70/100 tox|[from] Stealth Rock
|move|p1a: Corviknight|Brave Bird|p2a: Corsola
|-damage|p2a: Corsola|50/100 tox
|-start|p1a: Corviknight|Disable|Brave Bird|[from] ability: Cursed Body|[of] p2a: Corsola
|-damage|p1a: Corviknight|55/100|[from] Recoil
|
|-heal|p1a: Corviknight|61/100|[from] item: Leftovers
|-damage|p2a: Corsola|44/100 tox|[from] psn
|upkeep
|turn|35
|
|move|p1a: Corviknight|Taunt|p2a: Corsola
|-start|p2a: Corsola|move: Taunt
|cant|p2a: Corsola|move: Taunt|Will-O-Wisp
|
|-heal|p1a: Corviknight|67/100|[from] item: Leftovers
|-damage|p2a: Corsola|31/100 tox|[from] psn
|upkeep
|turn|36
|
|switch|p1a: Clefable|Clefable, M|100/100
|switch|p2a: Hydreigon|Hydreigon, F|100/100
|-damage|p2a: Hydreigon|88/100|[from] Stealth Rock
|
|upkeep
|turn|37
|
|switch|p2a: Rotom|Rotom-Heat|82/100
|-damage|p2a: Rotom|57/100|[from] Stealth Rock
|move|p1a: Clefable|Moonblast|p2a: Rotom
|-resisted|p2a: Rotom
|-damage|p2a: Rotom|21/100
|-unboost|p2a: Rotom|spa|1
|
|-heal|p2a: Rotom|27/100|[from] item: Leftovers
|upkeep
|turn|38
|
|move|p2a: Rotom|Volt Switch|p1a: Clefable
|-damage|p1a: Clefable|79/100
|
|switch|p2a: Toxapex|Toxapex, F|99/100 brn|[from]move: Volt Switch
|-damage|p2a: Toxapex|86/100 brn|[from] Stealth Rock
|move|p1a: Clefable|Moonblast|p2a: Toxapex
|-resisted|p2a: Toxapex
|-damage|p2a: Toxapex|62/100 brn
|-unboost|p2a: Toxapex|spa|1
|
|-damage|p2a: Toxapex|55/100 brn|[from] brn
|upkeep
|turn|39
|
|switch|p1a: Seismitoad|Seismitoad, F|100/100
|-damage|p1a: Seismitoad|94/100|[from] Stealth Rock
|move|p2a: Toxapex|Recover|p2a: Toxapex
|-heal|p2a: Toxapex|100/100 brn
|
|-damage|p2a: Toxapex|94/100 brn|[from] brn
|upkeep
|turn|40
|
|move|p1a: Seismitoad|Scald|p2a: Toxapex
|-resisted|p2a: Toxapex
|-damage|p2a: Toxapex|80/100 brn
|move|p2a: Toxapex|Toxic|p1a: Seismitoad
|-status|p1a: Seismitoad|tox
|
|-damage|p1a: Seismitoad|88/100 tox|[from] psn
|-damage|p2a: Toxapex|74/100 brn|[from] brn
|upkeep
|turn|41
|
|switch|p1a: Clefable|Clefable, M|79/100
|move|p2a: Toxapex|Baneful Bunker||[still]
|-fail|p2a: Toxapex
|
|-damage|p2a: Toxapex|68/100 brn|[from] brn
|upkeep
|turn|42
|
|move|p1a: Clefable|Moonblast|p2a: Toxapex
|-resisted|p2a: Toxapex
|-damage|p2a: Toxapex|44/100 brn
|move|p2a: Toxapex|Recover|p2a: Toxapex
|-heal|p2a: Toxapex|94/100 brn
|
|-damage|p2a: Toxapex|87/100 brn|[from] brn
|upkeep
|turn|43
|
|switch|p1a: Seismitoad|Seismitoad, F|88/100 tox
|-damage|p1a: Seismitoad|82/100 tox|[from] Stealth Rock
|move|p2a: Toxapex|Toxic|p1a: Seismitoad
|-fail|p1a: Seismitoad|tox
|
|-damage|p1a: Seismitoad|76/100 tox|[from] psn
|-damage|p2a: Toxapex|81/100 brn|[from] brn
|upkeep
|turn|44
|
|switch|p1a: Corviknight|Corviknight, F|67/100
|-damage|p1a: Corviknight|55/100|[from] Stealth Rock
|-ability|p1a: Corviknight|Pressure
|switch|p2a: Hydreigon|Hydreigon, F|88/100
|-damage|p2a: Hydreigon|76/100|[from] Stealth Rock
|
|-heal|p1a: Corviknight|61/100|[from] item: Leftovers
|upkeep
|turn|45
|
|move|p2a: Hydreigon|Flamethrower|p1a: Corviknight
|-supereffective|p1a: Corviknight
|-crit|p1a: Corviknight
|-damage|p1a: Corviknight|0 fnt
|faint|p1a: Corviknight
|
|upkeep
|
|switch|p1a: Clefable|Clefable, M|79/100
|turn|46
|
|switch|p2a: Toxapex|Toxapex, F|100/100 brn
|-damage|p2a: Toxapex|88/100 brn|[from] Stealth Rock
|move|p1a: Clefable|Moonblast|p2a: Toxapex
|-resisted|p2a: Toxapex
|-damage|p2a: Toxapex|63/100 brn
|-unboost|p2a: Toxapex|spa|1
|
|-damage|p2a: Toxapex|57/100 brn|[from] brn
|upkeep
|turn|47
|
|move|p2a: Toxapex|Baneful Bunker|p2a: Toxapex
|-singleturn|p2a: Toxapex|move: Protect
|move|p1a: Clefable|Moonblast|p2a: Toxapex
|-activate|p2a: Toxapex|move: Protect
|
|-damage|p2a: Toxapex|51/100 brn|[from] brn
|upkeep
|turn|48
|
|move|p1a: Clefable|Moonblast|p2a: Toxapex
|-resisted|p2a: Toxapex
|-damage|p2a: Toxapex|28/100 brn
|move|p2a: Toxapex|Recover|p2a: Toxapex
|-heal|p2a: Toxapex|78/100 brn
|
|-damage|p2a: Toxapex|72/100 brn|[from] brn
|upkeep
|turn|49
|
|move|p1a: Clefable|Moonblast|p2a: Toxapex
|-resisted|p2a: Toxapex
|-damage|p2a: Toxapex|49/100 brn
|-unboost|p2a: Toxapex|spa|1
|move|p2a: Toxapex|Toxic|p1a: Clefable
|-status|p1a: Clefable|tox
|
|-damage|p2a: Toxapex|42/100 brn|[from] brn
|upkeep
|turn|50
|
|move|p1a: Clefable|Flamethrower|p2a: Toxapex
|-resisted|p2a: Toxapex
|-damage|p2a: Toxapex|28/100 brn
|move|p2a: Toxapex|Recover|p2a: Toxapex
|-heal|p2a: Toxapex|78/100 brn
|
|-damage|p2a: Toxapex|72/100 brn|[from] brn
|upkeep
|turn|51
|
|move|p1a: Clefable|Flamethrower|p2a: Toxapex
|-resisted|p2a: Toxapex
|-damage|p2a: Toxapex|57/100 brn
|move|p2a: Toxapex|Liquidation|p1a: Clefable
|-damage|p1a: Clefable|68/100 tox
|
|-damage|p2a: Toxapex|51/100 brn|[from] brn
|upkeep
|turn|52
|
|switch|p2a: Togekiss|Togekiss, M|50/100
|-damage|p2a: Togekiss|25/100|[from] Stealth Rock
|move|p1a: Clefable|Flamethrower|p2a: Togekiss
|-damage|p2a: Togekiss|0 fnt
|faint|p2a: Togekiss
|
|upkeep
|
|switch|p2a: Hippowdon|Hippowdon, F|23/100
|-damage|p2a: Hippowdon|17/100|[from] Stealth Rock
|-weather|Sandstorm|[from] ability: Sand Stream|[of] p2a: Hippowdon
|turn|53
|
|switch|p2a: Toxapex|Toxapex, F|84/100 brn
|-damage|p2a: Toxapex|72/100 brn|[from] Stealth Rock
|move|p1a: Clefable|Moonblast|p2a: Toxapex
|-resisted|p2a: Toxapex
|-damage|p2a: Toxapex|50/100 brn
|-unboost|p2a: Toxapex|spa|1
|
|-weather|Sandstorm|[upkeep]
|-damage|p2a: Toxapex|44/100 brn|[from] Sandstorm
|-damage|p2a: Toxapex|37/100 brn|[from] brn
|upkeep
|turn|54
|
|move|p1a: Clefable|Moonblast|p2a: Toxapex
|-resisted|p2a: Toxapex
|-damage|p2a: Toxapex|12/100 brn
|move|p2a: Toxapex|Recover|p2a: Toxapex
|-heal|p2a: Toxapex|62/100 brn
|
|-weather|Sandstorm|[upkeep]
|-damage|p2a: Toxapex|56/100 brn|[from] Sandstorm
|-damage|p2a: Toxapex|50/100 brn|[from] brn
|upkeep
|turn|55
|
|move|p1a: Clefable|Moonlight|p1a: Clefable
|-heal|p1a: Clefable|93/100 tox
|move|p2a: Toxapex|Recover|p2a: Toxapex
|-heal|p2a: Toxapex|99/100 brn
|
|-weather|Sandstorm|[upkeep]
|-damage|p2a: Toxapex|93/100 brn|[from] Sandstorm
|-damage|p2a: Toxapex|87/100 brn|[from] brn
|upkeep
|turn|56
|
|move|p2a: Toxapex|Baneful Bunker|p2a: Toxapex
|-singleturn|p2a: Toxapex|move: Protect
|move|p1a: Clefable|Flamethrower|p2a: Toxapex
|-activate|p2a: Toxapex|move: Protect
|
|-weather|Sandstorm|[upkeep]
|-damage|p2a: Toxapex|81/100 brn|[from] Sandstorm
|-damage|p2a: Toxapex|75/100 brn|[from] brn
|upkeep
|turn|57
|
|move|p1a: Clefable|Flamethrower|p2a: Toxapex
|-resisted|p2a: Toxapex
|-damage|p2a: Toxapex|59/100 brn
|move|p2a: Toxapex|Liquidation|p1a: Clefable
|-damage|p1a: Clefable|81/100 tox
|-unboost|p1a: Clefable|def|1
|
|-weather|none
|-damage|p2a: Toxapex|53/100 brn|[from] brn
|upkeep
|turn|58
|
|switch|p1a: Seismitoad|Seismitoad, F|76/100 tox
|-damage|p1a: Seismitoad|70/100 tox|[from] Stealth Rock
|move|p2a: Toxapex|Recover|p2a: Toxapex
|-heal|p2a: Toxapex|100/100 brn
|
|-damage|p1a: Seismitoad|64/100 tox|[from] psn
|-damage|p2a: Toxapex|94/100 brn|[from] brn
|upkeep
|turn|59
|
|move|p2a: Toxapex|Baneful Bunker|p2a: Toxapex
|-singleturn|p2a: Toxapex|move: Protect
|move|p1a: Seismitoad|Scald|p2a: Toxapex
|-activate|p2a: Toxapex|move: Protect
|
|-damage|p1a: Seismitoad|52/100 tox|[from] psn
|-damage|p2a: Toxapex|88/100 brn|[from] brn
|upkeep
|turn|60
|
|switch|p2a: Hydreigon|Hydreigon, F|76/100
|-damage|p2a: Hydreigon|64/100|[from] Stealth Rock
|move|p1a: Seismitoad|Scald|p2a: Hydreigon
|-resisted|p2a: Hydreigon
|-damage|p2a: Hydreigon|43/100
|
|-damage|p1a: Seismitoad|34/100 tox|[from] psn
|upkeep
|turn|61
|
|move|p2a: Hydreigon|Dark Pulse|p1a: Seismitoad
|-damage|p1a: Seismitoad|0 fnt
|faint|p1a: Seismitoad
|
|upkeep
|
|switch|p1a: Clefable|Clefable, M|81/100 tox
|turn|62
|
|switch|p2a: Toxapex|Toxapex, F|100/100 brn
|-damage|p2a: Toxapex|88/100 brn|[from] Stealth Rock
|move|p1a: Clefable|Moonblast|p2a: Toxapex
|-resisted|p2a: Toxapex
|-damage|p2a: Toxapex|66/100 brn
|
|-damage|p2a: Toxapex|60/100 brn|[from] brn
|upkeep
|turn|63
|
|move|p1a: Clefable|Flamethrower|p2a: Toxapex
|-resisted|p2a: Toxapex
|-damage|p2a: Toxapex|46/100 brn
|move|p2a: Toxapex|Liquidation|p1a: Clefable
|-damage|p1a: Clefable|70/100 tox
|
|-damage|p2a: Toxapex|40/100 brn|[from] brn
|upkeep
|turn|64
|
|move|p1a: Clefable|Flamethrower|p2a: Toxapex
|-resisted|p2a: Toxapex
|-damage|p2a: Toxapex|24/100 brn
|move|p2a: Toxapex|Recover|p2a: Toxapex
|-heal|p2a: Toxapex|74/100 brn
|
|-damage|p2a: Toxapex|67/100 brn|[from] brn
|upkeep
|turn|65
|
|move|p1a: Clefable|Flamethrower|p2a: Toxapex
|-resisted|p2a: Toxapex
|-damage|p2a: Toxapex|52/100 brn
|move|p2a: Toxapex|Liquidation|p1a: Clefable
|-damage|p1a: Clefable|58/100 tox
|
|-damage|p2a: Toxapex|46/100 brn|[from] brn
|upkeep
|turn|66
|
|move|p2a: Toxapex|Baneful Bunker|p2a: Toxapex
|-singleturn|p2a: Toxapex|move: Protect
|move|p1a: Clefable|Moonlight|p1a: Clefable
|-heal|p1a: Clefable|100/100 tox
|
|-damage|p2a: Toxapex|39/100 brn|[from] brn
|upkeep
|turn|67
|
|move|p1a: Clefable|Moonblast|p2a: Toxapex
|-resisted|p2a: Toxapex
|-damage|p2a: Toxapex|15/100 brn
|move|p2a: Toxapex|Recover|p2a: Toxapex
|-heal|p2a: Toxapex|65/100 brn
|
|-damage|p2a: Toxapex|59/100 brn|[from] brn
|upkeep
|turn|68
|
|switch|p2a: Corsola|Corsola-Galar, F|31/100 tox
|-damage|p2a: Corsola|19/100 tox|[from] Stealth Rock
|move|p1a: Clefable|Flamethrower|p2a: Corsola
|-damage|p2a: Corsola|0 fnt
|faint|p2a: Corsola
|
|upkeep
|
|switch|p2a: Rotom|Rotom-Heat|27/100
|-damage|p2a: Rotom|2/100|[from] Stealth Rock
|turn|69
|
|switch|p1a: Toxtricity|Toxtricity, F|8/100
|-damage|p1a: Toxtricity|0 fnt|[from] Stealth Rock
|faint|p1a: Toxtricity
|move|p2a: Rotom|Overheat|p1: Toxtricity|[notarget]
|-fail|p2a: Rotom
|
|-heal|p2a: Rotom|8/100|[from] item: Leftovers
|upkeep
|
|switch|p1a: Dragapult|Dragapult, M|100/100
|-damage|p1a: Dragapult|88/100|[from] Stealth Rock
|turn|70
|
|move|p1a: Dragapult|Shadow Ball|p2a: Rotom
|-damage|p2a: Rotom|0 fnt
|faint|p2a: Rotom
|
|upkeep
|
|switch|p2a: Hydreigon|Hydreigon, F|43/100
|-damage|p2a: Hydreigon|31/100|[from] Stealth Rock
|turn|71
|
|move|p2a: Hydreigon|Draco Meteor|p1a: Dragapult
|-supereffective|p1a: Dragapult
|-damage|p1a: Dragapult|0 fnt
|-unboost|p2a: Hydreigon|spa|2
|faint|p1a: Dragapult
|
|upkeep
|
|switch|p1a: Clefable|Clefable, M|100/100 tox
|turn|72
|
|switch|p2a: Toxapex|Toxapex, F|92/100 brn
|-damage|p2a: Toxapex|80/100 brn|[from] Stealth Rock
|move|p1a: Clefable|Moonblast|p2a: Toxapex
|-resisted|p2a: Toxapex
|-damage|p2a: Toxapex|57/100 brn
|
|-damage|p2a: Toxapex|51/100 brn|[from] brn
|upkeep
|turn|73
|
|move|p1a: Clefable|Moonblast|p2a: Toxapex
|-resisted|p2a: Toxapex
|-damage|p2a: Toxapex|27/100 brn
|move|p2a: Toxapex|Recover|p2a: Toxapex
|-heal|p2a: Toxapex|77/100 brn
|
|-damage|p2a: Toxapex|71/100 brn|[from] brn
|upkeep
|turn|74
|
|move|p2a: Toxapex|Baneful Bunker|p2a: Toxapex
|-singleturn|p2a: Toxapex|move: Protect
|move|p1a: Clefable|Flamethrower|p2a: Toxapex
|-activate|p2a: Toxapex|move: Protect
|
|-damage|p2a: Toxapex|64/100 brn|[from] brn
|upkeep
|turn|75
|
|move|p1a: Clefable|Flamethrower|p2a: Toxapex
|-resisted|p2a: Toxapex
|-damage|p2a: Toxapex|50/100 brn
|move|p2a: Toxapex|Toxic|p1a: Clefable
|-fail|p1a: Clefable|tox
|
|-damage|p2a: Toxapex|44/100 brn|[from] brn
|upkeep
|turn|76
|
|move|p1a: Clefable|Moonblast|p2a: Toxapex
|-resisted|p2a: Toxapex
|-damage|p2a: Toxapex|20/100 brn
|-unboost|p2a: Toxapex|spa|1
|move|p2a: Toxapex|Toxic|p1a: Clefable
|-fail|p1a: Clefable|tox
|
|-damage|p2a: Toxapex|13/100 brn|[from] brn
|upkeep
|turn|77
|
|switch|p2a: Hippowdon|Hippowdon, F|17/100
|-damage|p2a: Hippowdon|10/100|[from] Stealth Rock
|-weather|Sandstorm|[from] ability: Sand Stream|[of] p2a: Hippowdon
|move|p1a: Clefable|Flamethrower|p2a: Hippowdon
|-damage|p2a: Hippowdon|0 fnt
|faint|p2a: Hippowdon
|
|-weather|Sandstorm|[upkeep]
|upkeep
|
|switch|p2a: Toxapex|Toxapex, F|47/100 brn
|-damage|p2a: Toxapex|34/100 brn|[from] Stealth Rock
|turn|78
|
|move|p1a: Clefable|Moonblast|p2a: Toxapex
|-resisted|p2a: Toxapex
|-damage|p2a: Toxapex|12/100 brn
|-unboost|p2a: Toxapex|spa|1
|move|p2a: Toxapex|Recover|p2a: Toxapex
|-heal|p2a: Toxapex|62/100 brn
|
|-weather|Sandstorm|[upkeep]
|-damage|p2a: Toxapex|55/100 brn|[from] Sandstorm
|-damage|p2a: Toxapex|49/100 brn|[from] brn
|upkeep
|turn|79
|
|move|p1a: Clefable|Flamethrower|p2a: Toxapex
|-resisted|p2a: Toxapex
|-damage|p2a: Toxapex|34/100 brn
|move|p2a: Toxapex|Recover|p2a: Toxapex
|-heal|p2a: Toxapex|84/100 brn
|
|-weather|Sandstorm|[upkeep]
|-damage|p2a: Toxapex|77/100 brn|[from] Sandstorm
|-damage|p2a: Toxapex|71/100 brn|[from] brn
|upkeep
|turn|80
|
|move|p1a: Clefable|Flamethrower|p2a: Toxapex
|-resisted|p2a: Toxapex
|-damage|p2a: Toxapex|55/100 brn
|move|p2a: Toxapex|Liquidation|p1a: Clefable
|-damage|p1a: Clefable|88/100 tox
|
|-weather|Sandstorm|[upkeep]
|-damage|p2a: Toxapex|49/100 brn|[from] Sandstorm
|-damage|p2a: Toxapex|43/100 brn|[from] brn
|upkeep
|turn|81
|
|move|p1a: Clefable|Flamethrower|p2a: Toxapex
|-resisted|p2a: Toxapex
|-damage|p2a: Toxapex|27/100 brn
|move|p2a: Toxapex|Recover|p2a: Toxapex
|-heal|p2a: Toxapex|77/100 brn
|
|-weather|none
|-damage|p2a: Toxapex|71/100 brn|[from] brn
|upkeep
|turn|82
|
|move|p1a: Clefable|Flamethrower|p2a: Toxapex
|-resisted|p2a: Toxapex
|-damage|p2a: Toxapex|55/100 brn
|move|p2a: Toxapex|Liquidation|p1a: Clefable
|-damage|p1a: Clefable|75/100 tox
|-unboost|p1a: Clefable|def|1
|
|-damage|p2a: Toxapex|49/100 brn|[from] brn
|upkeep
|turn|83
|
|move|p2a: Toxapex|Baneful Bunker|p2a: Toxapex
|-singleturn|p2a: Toxapex|move: Protect
|move|p1a: Clefable|Moonblast|p2a: Toxapex
|-activate|p2a: Toxapex|move: Protect
|
|-damage|p2a: Toxapex|42/100 brn|[from] brn
|upkeep
|turn|84
|
|move|p1a: Clefable|Moonblast|p2a: Toxapex
|-resisted|p2a: Toxapex
|-damage|p2a: Toxapex|19/100 brn
|-unboost|p2a: Toxapex|spa|1
|move|p2a: Toxapex|Recover|p2a: Toxapex
|-heal|p2a: Toxapex|69/100 brn
|
|-damage|p2a: Toxapex|63/100 brn|[from] brn
|upkeep
|turn|85
|
|move|p2a: Toxapex|Baneful Bunker|p2a: Toxapex
|-singleturn|p2a: Toxapex|move: Protect
|move|p1a: Clefable|Moonblast|p2a: Toxapex
|-activate|p2a: Toxapex|move: Protect
|
|-damage|p2a: Toxapex|56/100 brn|[from] brn
|upkeep
|turn|86
|
|move|p1a: Clefable|Moonblast|p2a: Toxapex
|-resisted|p2a: Toxapex
|-damage|p2a: Toxapex|32/100 brn
|move|p2a: Toxapex|Liquidation|p1a: Clefable
|-damage|p1a: Clefable|59/100 tox
|-unboost|p1a: Clefable|def|1
|
|-damage|p2a: Toxapex|26/100 brn|[from] brn
|upkeep
|turn|87
|
|move|p1a: Clefable|Moonlight|p1a: Clefable
|-heal|p1a: Clefable|100/100 tox
|move|p2a: Toxapex|Liquidation|p1a: Clefable
|-damage|p1a: Clefable|78/100 tox
|
|-damage|p2a: Toxapex|20/100 brn|[from] brn
|upkeep
|turn|88
|
|move|p1a: Clefable|Moonlight|p1a: Clefable
|-heal|p1a: Clefable|100/100 tox
|move|p2a: Toxapex|Liquidation|p1a: Clefable
|-damage|p1a: Clefable|79/100 tox
|
|-damage|p2a: Toxapex|13/100 brn|[from] brn
|upkeep
|turn|89
|
|move|p1a: Clefable|Moonlight|p1a: Clefable
|-heal|p1a: Clefable|100/100 tox
|move|p2a: Toxapex|Liquidation|p1a: Clefable
|-damage|p1a: Clefable|77/100 tox
|
|-damage|p2a: Toxapex|7/100 brn|[from] brn
|upkeep
|turn|90
|
|move|p2a: Toxapex|Baneful Bunker|p2a: Toxapex
|-singleturn|p2a: Toxapex|move: Protect
|move|p1a: Clefable|Moonlight|p1a: Clefable
|-heal|p1a: Clefable|100/100 tox
|
|-damage|p2a: Toxapex|1/100 brn|[from] brn
|upkeep
|turn|91
|
|move|p1a: Clefable|Moonblast|p2a: Toxapex
|-resisted|p2a: Toxapex
|-damage|p2a: Toxapex|0 fnt
|faint|p2a: Toxapex
|
|upkeep
|
|switch|p2a: Hydreigon|Hydreigon, F|31/100
|-damage|p2a: Hydreigon|18/100|[from] Stealth Rock
|turn|92
|
|move|p2a: Hydreigon|Surf|p1a: Clefable
|-damage|p1a: Clefable|70/100 tox
|move|p1a: Clefable|Moonblast|p2a: Hydreigon
|-supereffective|p2a: Hydreigon
|-damage|p2a: Hydreigon|0 fnt
|faint|p2a: Hydreigon
|
|win|DaZb0N3z
|c|☆CoShiKa|ggwp
|l|☆CoShiKa
|raw|DaZb0N3z's rating: 1100 → 1126(+26 for winning)
|raw|CoShiKa's rating: 1120 → 1093(-27 for losing)
