|ScrapeTime|2020-01-01-22:26:36
|j|☆gainzbourge
|j|☆Holiss77
|player|p1|gainzbourge|blue|1224
|player|p2|Holiss77|151|1232
|teamsize|p1|6
|teamsize|p2|6
|gametype|singles
|gen|8
|tier|[Gen 8] OU
|rated|
|rule|Sleep Clause Mod: Limit one foe put to sleep
|rule|Species Clause: Limit one of each Pokémon
|rule|OHKO Clause: OHKO moves are banned
|rule|Evasion Moves Clause: Evasion moves are banned
|rule|Endless Battle Clause: Forcing endless battles is banned
|rule|HP Percentage Mod: HP is shown in percentages
|clearpoke
|poke|p1|Toxicroak, F|
|poke|p1|Crawdaunt, M|
|poke|p1|Shedinja|
|poke|p1|Mr. Rime, F|
|poke|p1|Pelipper, F|
|poke|p1|Rotom-Heat|
|poke|p2|Gengar, M|
|poke|p2|Dracovish|
|poke|p2|Galvantula, M|
|poke|p2|Togekiss, M|
|poke|p2|Kingler, M|
|poke|p2|Haxorus, M|
|rule|Dynamax Clause: You cannot dynamax
|teampreview
|l|☆gainzbourge
|player|p1|
|j|☆gainzbourge
|player|p1|gainzbourge|blue
|
|start
|switch|p1a: Rotom|Rotom-Heat, shiny|100/100
|switch|p2a: Lebron|Togekiss, M|100/100
|turn|1
|
|move|p1a: Rotom|Volt Switch|p2a: Lebron
|-supereffective|p2a: Lebron
|-damage|p2a: Lebron|41/100
|
|switch|p1a: Mr. Rime|Mr. Rime, F|100/100|[from]move: Volt Switch
|move|p2a: Lebron|Body Slam|p1a: Mr. Rime
|-damage|p1a: Mr. Rime|87/100
|-status|p1a: Mr. Rime|par
|
|-heal|p2a: Lebron|47/100|[from] item: Leftovers
|upkeep
|turn|2
|
|switch|p2a: Kingler|Kingler, M|100/100
|move|p1a: Mr. Rime|Freeze-Dry|p2a: Kingler
|-supereffective|p2a: Kingler
|-damage|p2a: Kingler|0 fnt
|faint|p2a: Kingler
|
|upkeep
|
|switch|p2a: Peter|Galvantula, M, shiny|100/100
|turn|3
|
|switch|p1a: Shedinja|Shedinja, shiny|100/100
|move|p2a: Peter|Sticky Web|p1a: Shedinja
|-sidestart|p1: gainzbourge|move: Sticky Web
|
|upkeep
|turn|4
|
|switch|p2a: Lebron|Togekiss, M|47/100
|move|p1a: Shedinja|Night Slash|p2a: Lebron
|-resisted|p2a: Lebron
|-damage|p2a: Lebron|38/100
|
|-heal|p2a: Lebron|44/100|[from] item: Leftovers
|upkeep
|turn|5
|
|switch|p1a: Mr. Rime|Mr. Rime, F|87/100 par
|move|p2a: Lebron|Wish|p2a: Lebron
|
|-heal|p2a: Lebron|50/100|[from] item: Leftovers
|upkeep
|turn|6
|
|move|p2a: Lebron|Air Slash|p1a: Mr. Rime
|-damage|p1a: Mr. Rime|47/100 par
|move|p1a: Mr. Rime|Rapid Spin|p2a: Lebron
|-damage|p2a: Lebron|42/100
|-sideend|p1: gainzbourge|Sticky Web|[from] move: Rapid Spin|[of] p1a: Mr. Rime
|-boost|p1a: Mr. Rime|spe|1
|
|-heal|p2a: Lebron|92/100|[from] move: Wish|[wisher] Lebron
|-heal|p2a: Lebron|99/100|[from] item: Leftovers
|upkeep
|turn|7
|l|☆gainzbourge
|player|p1|
|inactive|Battle timer is ON: inactive players will automatically lose when time's up. (requested by Holiss77)
|inactive|gainzbourge has 30 seconds to reconnect!
|j|☆gainzbourge
|inactive|gainzbourge reconnected and has 115 seconds left.
|player|p1|gainzbourge|blue
|
|move|p2a: Lebron|Ancient Power|p1a: Mr. Rime
|-supereffective|p1a: Mr. Rime
|-damage|p1a: Mr. Rime|5/100 par
|-boost|p2a: Lebron|atk|1
|-boost|p2a: Lebron|def|1
|-boost|p2a: Lebron|spa|1
|-boost|p2a: Lebron|spd|1
|-boost|p2a: Lebron|spe|1
|move|p1a: Mr. Rime|Thunder Wave|p2a: Lebron|[miss]
|-miss|p1a: Mr. Rime|p2a: Lebron
|
|-heal|p2a: Lebron|100/100|[from] item: Leftovers
|upkeep
|turn|8
|
|move|p2a: Lebron|Ancient Power|p1a: Mr. Rime
|-supereffective|p1a: Mr. Rime
|-crit|p1a: Mr. Rime
|-damage|p1a: Mr. Rime|0 fnt
|-boost|p2a: Lebron|atk|1
|-boost|p2a: Lebron|def|1
|-boost|p2a: Lebron|spa|1
|-boost|p2a: Lebron|spd|1
|-boost|p2a: Lebron|spe|1
|faint|p1a: Mr. Rime
|
|upkeep
|
|switch|p1a: Toxicroak|Toxicroak, F, shiny|100/100
|-item|p1a: Toxicroak|Air Balloon
|turn|9
|
|move|p2a: Lebron|Air Slash|p1a: Toxicroak
|-supereffective|p1a: Toxicroak
|-damage|p1a: Toxicroak|0 fnt
|-enditem|p1a: Toxicroak|Air Balloon
|faint|p1a: Toxicroak
|
|upkeep
|
|switch|p1a: Rotom|Rotom-Heat, shiny|100/100
|turn|10
|
|move|p2a: Lebron|Wish|p2a: Lebron
|move|p1a: Rotom|Trick|p2a: Lebron
|-activate|p1a: Rotom|move: Trick|[of] p2a: Lebron
|-item|p2a: Lebron|Choice Specs|[from] move: Trick
|-item|p1a: Rotom|Leftovers|[from] move: Trick
|
|upkeep
|turn|11
|
|move|p2a: Lebron|Ancient Power|p1a: Rotom
|-supereffective|p1a: Rotom
|-damage|p1a: Rotom|0 fnt
|faint|p1a: Rotom
|
|upkeep
|
|switch|p1a: Crawdaunt|Crawdaunt, M, shiny|100/100
|turn|12
|
|move|p2a: Lebron|Ancient Power|p1a: Crawdaunt
|-damage|p1a: Crawdaunt|0 fnt
|faint|p1a: Crawdaunt
|
|upkeep
|-message|gainzbourge forfeited.
|
|win|Holiss77
|l|☆gainzbourge
|raw|gainzbourge's rating: 1224 → 1199(-25 for losing)
|raw|Holiss77's rating: 1232 → 1256(+24 for winning)
