|ScrapeTime|2020-01-01-23:56:57
|j|☆Abnoba
|j|☆darkaufeu77
|player|p1|Abnoba|82|1359
|player|p2|darkaufeu77|163|1289
|teamsize|p1|6
|teamsize|p2|6
|gametype|singles
|gen|8
|tier|[Gen 8] OU
|rated|
|rule|Sleep Clause Mod: Limit one foe put to sleep
|rule|Species Clause: Limit one of each Pokémon
|rule|OHKO Clause: OHKO moves are banned
|rule|Evasion Moves Clause: Evasion moves are banned
|rule|Endless Battle Clause: Forcing endless battles is banned
|rule|HP Percentage Mod: HP is shown in percentages
|clearpoke
|poke|p1|Dugtrio, M|
|poke|p1|Diglett, M|
|poke|p1|Tyranitar, M|
|poke|p1|Vaporeon, F|
|poke|p1|Toxapex, F|
|poke|p1|Corviknight, M|
|poke|p2|Dragapult, F|
|poke|p2|Dracozolt|
|poke|p2|Ferrothorn, M|
|poke|p2|Cinderace, F|
|poke|p2|Dracovish|
|poke|p2|Corviknight, M|
|rule|Dynamax Clause: You cannot dynamax
|teampreview
|
|start
|switch|p1a: Dugtrio|Dugtrio, M|100/100
|switch|p2a: Dragapult|Dragapult, F|100/100
|turn|1
|
|move|p2a: Dragapult|Draco Meteor|p1a: Dugtrio
|-enditem|p1a: Dugtrio|Focus Sash
|-damage|p1a: Dugtrio|1/100
|-unboost|p2a: Dragapult|spa|2
|move|p1a: Dugtrio|Earthquake|p2a: Dragapult
|-damage|p2a: Dragapult|40/100
|
|upkeep
|turn|2
|
|move|p1a: Dugtrio|Sucker Punch|p2a: Dragapult
|-supereffective|p2a: Dragapult
|-damage|p2a: Dragapult|0 fnt
|faint|p2a: Dragapult
|
|upkeep
|
|switch|p2a: Ferrothorn|Ferrothorn, M, shiny|100/100
|turn|3
|
|move|p1a: Dugtrio|Reversal|p2a: Ferrothorn
|-supereffective|p2a: Ferrothorn
|-damage|p2a: Ferrothorn|21/100
|-damage|p1a: Dugtrio|0 fnt|[from] ability: Iron Barbs|[of] p2a: Ferrothorn
|faint|p1a: Dugtrio
|move|p2a: Ferrothorn|Gyro Ball|p1: Dugtrio|[notarget]
|-fail|p2a: Ferrothorn
|
|-heal|p2a: Ferrothorn|27/100|[from] item: Leftovers
|upkeep
|
|switch|p1a: Corviknight|Corviknight, M|100/100
|-ability|p1a: Corviknight|Pressure
|turn|4
|
|move|p1a: Corviknight|Body Press|p2a: Ferrothorn
|-supereffective|p2a: Ferrothorn
|-damage|p2a: Ferrothorn|1/100
|-damage|p1a: Corviknight|88/100|[from] ability: Iron Barbs|[of] p2a: Ferrothorn
|move|p2a: Ferrothorn|Thunder Wave|p1a: Corviknight
|-status|p1a: Corviknight|par
|
|-heal|p1a: Corviknight|94/100 par|[from] item: Leftovers
|-heal|p2a: Ferrothorn|7/100|[from] item: Leftovers
|upkeep
|turn|5
|
|move|p1a: Corviknight|Body Press|p2a: Ferrothorn
|-supereffective|p2a: Ferrothorn
|-damage|p2a: Ferrothorn|0 fnt
|-damage|p1a: Corviknight|82/100 par|[from] ability: Iron Barbs|[of] p2a: Ferrothorn
|faint|p2a: Ferrothorn
|
|-heal|p1a: Corviknight|88/100 par|[from] item: Leftovers
|upkeep
|
|switch|p2a: Dracovish|Dracovish|100/100
|turn|6
|
|move|p2a: Dracovish|Fishious Rend|p1a: Corviknight
|-damage|p1a: Corviknight|0 fnt
|faint|p1a: Corviknight
|
|upkeep
|
|switch|p1a: Vaporeon|Vaporeon, F|100/100
|turn|7
|
|switch|p2a: Dracozolt|Dracozolt, shiny|100/100
|move|p1a: Vaporeon|Scald|p2a: Dracozolt
|-resisted|p2a: Dracozolt
|-damage|p2a: Dracozolt|78/100
|-status|p2a: Dracozolt|brn
|
|-damage|p2a: Dracozolt|72/100 brn|[from] brn
|upkeep
|turn|8
|
|move|p1a: Vaporeon|Protect|p1a: Vaporeon
|-singleturn|p1a: Vaporeon|Protect
|move|p2a: Dracozolt|Bolt Beak|p1a: Vaporeon
|-activate|p1a: Vaporeon|move: Protect
|
|-damage|p2a: Dracozolt|66/100 brn|[from] brn
|upkeep
|turn|9
|
|switch|p1a: Diglett|Diglett, M|100/100
|move|p2a: Dracozolt|Bolt Beak|p1a: Diglett
|-immune|p1a: Diglett
|
|-damage|p2a: Dracozolt|59/100 brn|[from] brn
|upkeep
|turn|10
|inactive|Battle timer is ON: inactive players will automatically lose when time's up. (requested by darkaufeu77)
|
|move|p2a: Dracozolt|Bolt Beak|p1a: Diglett
|-immune|p1a: Diglett
|move|p1a: Diglett|Earthquake|p2a: Dracozolt
|-supereffective|p2a: Dracozolt
|-damage|p2a: Dracozolt|0 fnt
|faint|p2a: Dracozolt
|
|upkeep
|
|switch|p2a: Dracovish|Dracovish|100/100
|turn|11
|
|move|p1a: Diglett|Earthquake|p2a: Dracovish
|-damage|p2a: Dracovish|65/100
|move|p2a: Dracovish|Fishious Rend|p1a: Diglett
|-supereffective|p1a: Diglett
|-enditem|p1a: Diglett|Focus Sash
|-damage|p1a: Diglett|1/100
|
|upkeep
|turn|12
|
|move|p1a: Diglett|Earthquake|p2a: Dracovish
|-damage|p2a: Dracovish|26/100
|move|p2a: Dracovish|Fishious Rend|p1a: Diglett
|-supereffective|p1a: Diglett
|-damage|p1a: Diglett|0 fnt
|faint|p1a: Diglett
|
|upkeep
|
|switch|p1a: Vaporeon|Vaporeon, F|100/100
|turn|13
|
|switch|p2a: Cinderace|Cinderace, F|100/100
|move|p1a: Vaporeon|Scald|p2a: Cinderace
|-supereffective|p2a: Cinderace
|-damage|p2a: Cinderace|20/100
|
|upkeep
|turn|14
|
|move|p2a: Cinderace|High Jump Kick|p1a: Vaporeon
|-damage|p1a: Vaporeon|72/100
|move|p1a: Vaporeon|Scald|p2a: Cinderace
|-supereffective|p2a: Cinderace
|-damage|p2a: Cinderace|0 fnt
|faint|p2a: Cinderace
|
|-heal|p1a: Vaporeon|78/100|[from] item: Leftovers
|upkeep
|
|switch|p2a: Dracovish|Dracovish|26/100
|turn|15
|
|move|p2a: Dracovish|Outrage|p1a: Vaporeon
|-damage|p1a: Vaporeon|23/100
|move|p1a: Vaporeon|Wish|p1a: Vaporeon
|
|-heal|p1a: Vaporeon|29/100|[from] item: Leftovers
|upkeep
|turn|16
|
|move|p1a: Vaporeon|Protect|p1a: Vaporeon
|-singleturn|p1a: Vaporeon|Protect
|move|p2a: Dracovish|Outrage|p1a: Vaporeon|[from]lockedmove
|-activate|p1a: Vaporeon|move: Protect
|-start|p2a: Dracovish|confusion|[fatigue]
|
|-heal|p1a: Vaporeon|79/100|[from] move: Wish|[wisher] Vaporeon
|-heal|p1a: Vaporeon|85/100|[from] item: Leftovers
|upkeep
|turn|17
|
|-activate|p2a: Dracovish|confusion
|-damage|p2a: Dracovish|9/100|[from] confusion
|move|p1a: Vaporeon|Wish|p1a: Vaporeon
|
|-heal|p1a: Vaporeon|92/100|[from] item: Leftovers
|upkeep
|turn|18
|
|-activate|p2a: Dracovish|confusion
|-damage|p2a: Dracovish|0 fnt|[from] confusion
|faint|p2a: Dracovish
|move|p1a: Vaporeon|Scald|p2: Dracovish|[notarget]
|-fail|p1a: Vaporeon
|
|-heal|p1a: Vaporeon|100/100|[from] move: Wish|[wisher] Vaporeon
|upkeep
|
|switch|p2a: Corviknight|Corviknight, M, shiny|100/100
|-ability|p2a: Corviknight|Pressure
|turn|19
|
|move|p2a: Corviknight|Taunt|p1a: Vaporeon
|-start|p1a: Vaporeon|move: Taunt
|move|p1a: Vaporeon|Scald|p2a: Corviknight
|-damage|p2a: Corviknight|70/100
|-status|p2a: Corviknight|brn
|
|-heal|p2a: Corviknight|77/100 brn|[from] item: Leftovers
|-damage|p2a: Corviknight|70/100 brn|[from] brn
|upkeep
|turn|20
|
|move|p2a: Corviknight|Bulk Up|p2a: Corviknight
|-boost|p2a: Corviknight|atk|1
|-boost|p2a: Corviknight|def|1
|move|p1a: Vaporeon|Scald|p2a: Corviknight
|-damage|p2a: Corviknight|41/100 brn
|
|-heal|p2a: Corviknight|47/100 brn|[from] item: Leftovers
|-damage|p2a: Corviknight|41/100 brn|[from] brn
|upkeep
|turn|21
|
|move|p2a: Corviknight|Roost|p2a: Corviknight
|-heal|p2a: Corviknight|91/100 brn
|-singleturn|p2a: Corviknight|move: Roost
|move|p1a: Vaporeon|Scald|p2a: Corviknight
|-damage|p2a: Corviknight|62/100 brn
|
|-heal|p2a: Corviknight|68/100 brn|[from] item: Leftovers
|-damage|p2a: Corviknight|62/100 brn|[from] brn
|-end|p1a: Vaporeon|move: Taunt
|upkeep
|turn|22
|
|move|p2a: Corviknight|Taunt|p1a: Vaporeon
|-start|p1a: Vaporeon|move: Taunt
|cant|p1a: Vaporeon|move: Taunt|Haze
|
|-heal|p2a: Corviknight|68/100 brn|[from] item: Leftovers
|-damage|p2a: Corviknight|62/100 brn|[from] brn
|upkeep
|turn|23
|
|move|p2a: Corviknight|Roost|p2a: Corviknight
|-heal|p2a: Corviknight|100/100 brn
|-singleturn|p2a: Corviknight|move: Roost
|move|p1a: Vaporeon|Scald|p2a: Corviknight
|-damage|p2a: Corviknight|73/100 brn
|
|-heal|p2a: Corviknight|79/100 brn|[from] item: Leftovers
|-damage|p2a: Corviknight|73/100 brn|[from] brn
|upkeep
|turn|24
|
|move|p2a: Corviknight|Bulk Up|p2a: Corviknight
|-boost|p2a: Corviknight|atk|1
|-boost|p2a: Corviknight|def|1
|move|p1a: Vaporeon|Scald|p2a: Corviknight
|-damage|p2a: Corviknight|45/100 brn
|
|-heal|p2a: Corviknight|51/100 brn|[from] item: Leftovers
|-damage|p2a: Corviknight|45/100 brn|[from] brn
|-end|p1a: Vaporeon|move: Taunt
|upkeep
|turn|25
|
|switch|p1a: Toxapex|Toxapex, F|100/100
|move|p2a: Corviknight|Roost|p2a: Corviknight
|-heal|p2a: Corviknight|95/100 brn
|-singleturn|p2a: Corviknight|move: Roost
|
|-heal|p2a: Corviknight|100/100 brn|[from] item: Leftovers
|-damage|p2a: Corviknight|94/100 brn|[from] brn
|upkeep
|turn|26
|
|move|p2a: Corviknight|Taunt|p1a: Toxapex
|-start|p1a: Toxapex|move: Taunt
|move|p1a: Toxapex|Scald|p2a: Corviknight
|-damage|p2a: Corviknight|77/100 brn
|
|-heal|p2a: Corviknight|83/100 brn|[from] item: Leftovers
|-damage|p2a: Corviknight|77/100 brn|[from] brn
|upkeep
|turn|27
|
|move|p2a: Corviknight|Bulk Up|p2a: Corviknight
|-boost|p2a: Corviknight|atk|1
|-boost|p2a: Corviknight|def|1
|move|p1a: Toxapex|Scald|p2a: Corviknight
|-damage|p2a: Corviknight|60/100 brn
|
|-heal|p2a: Corviknight|66/100 brn|[from] item: Leftovers
|-damage|p2a: Corviknight|60/100 brn|[from] brn
|upkeep
|turn|28
|
|move|p2a: Corviknight|Bulk Up|p2a: Corviknight
|-boost|p2a: Corviknight|atk|1
|-boost|p2a: Corviknight|def|1
|move|p1a: Toxapex|Scald|p2a: Corviknight
|-damage|p2a: Corviknight|44/100 brn
|
|-heal|p2a: Corviknight|51/100 brn|[from] item: Leftovers
|-damage|p2a: Corviknight|44/100 brn|[from] brn
|-end|p1a: Toxapex|move: Taunt
|upkeep
|turn|29
|
|move|p2a: Corviknight|Taunt|p1a: Toxapex
|-start|p1a: Toxapex|move: Taunt
|move|p1a: Toxapex|Scald|p2a: Corviknight
|-damage|p2a: Corviknight|27/100 brn
|
|-heal|p2a: Corviknight|33/100 brn|[from] item: Leftovers
|-damage|p2a: Corviknight|27/100 brn|[from] brn
|upkeep
|turn|30
|
|move|p2a: Corviknight|Roost|p2a: Corviknight
|-heal|p2a: Corviknight|77/100 brn
|-singleturn|p2a: Corviknight|move: Roost
|move|p1a: Toxapex|Scald|p2a: Corviknight
|-damage|p2a: Corviknight|62/100 brn
|
|-heal|p2a: Corviknight|68/100 brn|[from] item: Leftovers
|-damage|p2a: Corviknight|62/100 brn|[from] brn
|upkeep
|turn|31
|
|move|p2a: Corviknight|Bulk Up|p2a: Corviknight
|-boost|p2a: Corviknight|atk|1
|-boost|p2a: Corviknight|def|1
|move|p1a: Toxapex|Scald|p2a: Corviknight
|-damage|p2a: Corviknight|45/100 brn
|
|-heal|p2a: Corviknight|52/100 brn|[from] item: Leftovers
|-damage|p2a: Corviknight|45/100 brn|[from] brn
|-end|p1a: Toxapex|move: Taunt
|upkeep
|turn|32
|
|move|p2a: Corviknight|Taunt|p1a: Toxapex
|-start|p1a: Toxapex|move: Taunt
|cant|p1a: Toxapex|move: Taunt|Toxic
|
|-heal|p2a: Corviknight|52/100 brn|[from] item: Leftovers
|-damage|p2a: Corviknight|45/100 brn|[from] brn
|upkeep
|turn|33
|
|move|p2a: Corviknight|Roost|p2a: Corviknight
|-heal|p2a: Corviknight|95/100 brn
|-singleturn|p2a: Corviknight|move: Roost
|move|p1a: Toxapex|Scald|p2a: Corviknight
|-damage|p2a: Corviknight|80/100 brn
|
|-heal|p2a: Corviknight|86/100 brn|[from] item: Leftovers
|-damage|p2a: Corviknight|80/100 brn|[from] brn
|upkeep
|turn|34
|
|move|p2a: Corviknight|Bulk Up|p2a: Corviknight
|-boost|p2a: Corviknight|atk|1
|-boost|p2a: Corviknight|def|1
|move|p1a: Toxapex|Scald|p2a: Corviknight
|-damage|p2a: Corviknight|63/100 brn
|
|-heal|p2a: Corviknight|69/100 brn|[from] item: Leftovers
|-damage|p2a: Corviknight|63/100 brn|[from] brn
|-end|p1a: Toxapex|move: Taunt
|upkeep
|turn|35
|
|move|p2a: Corviknight|Taunt|p1a: Toxapex
|-start|p1a: Toxapex|move: Taunt
|cant|p1a: Toxapex|move: Taunt|Recover
|
|-heal|p2a: Corviknight|69/100 brn|[from] item: Leftovers
|-damage|p2a: Corviknight|63/100 brn|[from] brn
|upkeep
|turn|36
|
|move|p2a: Corviknight|Brave Bird|p1a: Toxapex
|-damage|p1a: Toxapex|45/100
|-damage|p2a: Corviknight|49/100 brn|[from] Recoil
|move|p1a: Toxapex|Scald|p2a: Corviknight
|-damage|p2a: Corviknight|34/100 brn
|
|-heal|p2a: Corviknight|40/100 brn|[from] item: Leftovers
|-damage|p2a: Corviknight|34/100 brn|[from] brn
|upkeep
|turn|37
|
|switch|p1a: Tyranitar|Tyranitar, M|100/100
|-weather|Sandstorm|[from] ability: Sand Stream|[of] p1a: Tyranitar
|move|p2a: Corviknight|Roost|p2a: Corviknight
|-heal|p2a: Corviknight|84/100 brn
|-singleturn|p2a: Corviknight|move: Roost
|
|-weather|Sandstorm|[upkeep]
|-heal|p2a: Corviknight|90/100 brn|[from] item: Leftovers
|-damage|p2a: Corviknight|84/100 brn|[from] brn
|upkeep
|turn|38
|
|move|p2a: Corviknight|Taunt|p1a: Tyranitar
|-start|p1a: Tyranitar|move: Taunt
|move|p1a: Tyranitar|Avalanche|p2a: Corviknight
|-damage|p2a: Corviknight|80/100 brn
|
|-weather|Sandstorm|[upkeep]
|-heal|p2a: Corviknight|86/100 brn|[from] item: Leftovers
|-damage|p2a: Corviknight|80/100 brn|[from] brn
|upkeep
|turn|39
|
|move|p2a: Corviknight|Brave Bird|p1a: Tyranitar
|-resisted|p1a: Tyranitar
|-damage|p1a: Tyranitar|74/100
|-damage|p2a: Corviknight|71/100 brn|[from] Recoil
|move|p1a: Tyranitar|Crunch|p2a: Corviknight
|-damage|p2a: Corviknight|65/100 brn
|-unboost|p2a: Corviknight|def|1
|
|-weather|Sandstorm|[upkeep]
|-heal|p2a: Corviknight|71/100 brn|[from] item: Leftovers
|-damage|p2a: Corviknight|65/100 brn|[from] brn
|upkeep
|turn|40
|
|switch|p1a: Vaporeon|Vaporeon, F|100/100
|move|p2a: Corviknight|Brave Bird|p1a: Vaporeon
|-damage|p1a: Vaporeon|44/100
|-damage|p2a: Corviknight|43/100 brn|[from] Recoil
|
|-weather|Sandstorm|[upkeep]
|-damage|p1a: Vaporeon|38/100|[from] Sandstorm
|-heal|p2a: Corviknight|49/100 brn|[from] item: Leftovers
|-heal|p1a: Vaporeon|44/100|[from] item: Leftovers
|-damage|p2a: Corviknight|43/100 brn|[from] brn
|upkeep
|turn|41
|
|move|p1a: Vaporeon|Protect|p1a: Vaporeon
|-singleturn|p1a: Vaporeon|Protect
|move|p2a: Corviknight|Taunt|p1a: Vaporeon
|-activate|p1a: Vaporeon|move: Protect
|
|-weather|none
|-heal|p2a: Corviknight|49/100 brn|[from] item: Leftovers
|-heal|p1a: Vaporeon|50/100|[from] item: Leftovers
|-damage|p2a: Corviknight|43/100 brn|[from] brn
|upkeep
|turn|42
|
|move|p2a: Corviknight|Taunt|p1a: Vaporeon
|-start|p1a: Vaporeon|move: Taunt
|move|p1a: Vaporeon|Scald|p2a: Corviknight
|-damage|p2a: Corviknight|12/100 brn
|
|-heal|p2a: Corviknight|18/100 brn|[from] item: Leftovers
|-heal|p1a: Vaporeon|57/100|[from] item: Leftovers
|-damage|p2a: Corviknight|12/100 brn|[from] brn
|upkeep
|turn|43
|
|move|p2a: Corviknight|Roost|p2a: Corviknight
|-heal|p2a: Corviknight|62/100 brn
|-singleturn|p2a: Corviknight|move: Roost
|move|p1a: Vaporeon|Scald|p2a: Corviknight
|-damage|p2a: Corviknight|32/100 brn
|
|-heal|p2a: Corviknight|39/100 brn|[from] item: Leftovers
|-heal|p1a: Vaporeon|63/100|[from] item: Leftovers
|-damage|p2a: Corviknight|32/100 brn|[from] brn
|upkeep
|turn|44
|
|move|p2a: Corviknight|Roost|p2a: Corviknight
|-heal|p2a: Corviknight|82/100 brn
|-singleturn|p2a: Corviknight|move: Roost
|move|p1a: Vaporeon|Scald|p2a: Corviknight
|-damage|p2a: Corviknight|53/100 brn
|
|-heal|p2a: Corviknight|59/100 brn|[from] item: Leftovers
|-heal|p1a: Vaporeon|69/100|[from] item: Leftovers
|-damage|p2a: Corviknight|53/100 brn|[from] brn
|-end|p1a: Vaporeon|move: Taunt
|upkeep
|turn|45
|
|move|p2a: Corviknight|Taunt|p1a: Vaporeon
|-start|p1a: Vaporeon|move: Taunt
|cant|p1a: Vaporeon|move: Taunt|Wish
|
|-heal|p2a: Corviknight|59/100 brn|[from] item: Leftovers
|-heal|p1a: Vaporeon|75/100|[from] item: Leftovers
|-damage|p2a: Corviknight|53/100 brn|[from] brn
|upkeep
|turn|46
|
|move|p2a: Corviknight|Roost|p2a: Corviknight
|-heal|p2a: Corviknight|100/100 brn
|-singleturn|p2a: Corviknight|move: Roost
|move|p1a: Vaporeon|Scald|p2a: Corviknight
|-damage|p2a: Corviknight|71/100 brn
|
|-heal|p2a: Corviknight|77/100 brn|[from] item: Leftovers
|-heal|p1a: Vaporeon|82/100|[from] item: Leftovers
|-damage|p2a: Corviknight|71/100 brn|[from] brn
|upkeep
|turn|47
|
|move|p2a: Corviknight|Roost|p2a: Corviknight
|-heal|p2a: Corviknight|100/100 brn
|-singleturn|p2a: Corviknight|move: Roost
|move|p1a: Vaporeon|Scald|p2a: Corviknight
|-damage|p2a: Corviknight|72/100 brn
|
|-heal|p2a: Corviknight|78/100 brn|[from] item: Leftovers
|-heal|p1a: Vaporeon|88/100|[from] item: Leftovers
|-damage|p2a: Corviknight|72/100 brn|[from] brn
|-end|p1a: Vaporeon|move: Taunt
|upkeep
|turn|48
|
|switch|p1a: Toxapex|Toxapex, F|78/100
|move|p2a: Corviknight|Taunt|p1a: Toxapex
|-start|p1a: Toxapex|move: Taunt
|
|-heal|p2a: Corviknight|78/100 brn|[from] item: Leftovers
|-damage|p2a: Corviknight|72/100 brn|[from] brn
|upkeep
|turn|49
|
|switch|p1a: Vaporeon|Vaporeon, F|88/100
|move|p2a: Corviknight|Brave Bird|p1a: Vaporeon
|-damage|p1a: Vaporeon|36/100
|-damage|p2a: Corviknight|52/100 brn|[from] Recoil
|
|-heal|p2a: Corviknight|58/100 brn|[from] item: Leftovers
|-heal|p1a: Vaporeon|42/100|[from] item: Leftovers
|-damage|p2a: Corviknight|52/100 brn|[from] brn
|upkeep
|turn|50
|
|move|p2a: Corviknight|Taunt|p1a: Vaporeon
|-start|p1a: Vaporeon|move: Taunt
|cant|p1a: Vaporeon|move: Taunt|Wish
|
|-heal|p2a: Corviknight|58/100 brn|[from] item: Leftovers
|-heal|p1a: Vaporeon|48/100|[from] item: Leftovers
|-damage|p2a: Corviknight|52/100 brn|[from] brn
|upkeep
|turn|51
|
|move|p2a: Corviknight|Brave Bird|p1a: Vaporeon
|-damage|p1a: Vaporeon|0 fnt
|-damage|p2a: Corviknight|34/100 brn|[from] Recoil
|faint|p1a: Vaporeon
|
|-heal|p2a: Corviknight|40/100 brn|[from] item: Leftovers
|-damage|p2a: Corviknight|34/100 brn|[from] brn
|upkeep
|
|switch|p1a: Toxapex|Toxapex, F|100/100
|turn|52
|
|move|p2a: Corviknight|Roost|p2a: Corviknight
|-heal|p2a: Corviknight|84/100 brn
|-singleturn|p2a: Corviknight|move: Roost
|move|p1a: Toxapex|Scald|p2a: Corviknight
|-damage|p2a: Corviknight|68/100 brn
|
|-heal|p2a: Corviknight|74/100 brn|[from] item: Leftovers
|-damage|p2a: Corviknight|68/100 brn|[from] brn
|upkeep
|turn|53
|
|move|p2a: Corviknight|Taunt|p1a: Toxapex
|-start|p1a: Toxapex|move: Taunt
|move|p1a: Toxapex|Scald|p2a: Corviknight
|-damage|p2a: Corviknight|51/100 brn
|
|-heal|p2a: Corviknight|57/100 brn|[from] item: Leftovers
|-damage|p2a: Corviknight|51/100 brn|[from] brn
|upkeep
|turn|54
|
|move|p2a: Corviknight|Brave Bird|p1a: Toxapex
|-damage|p1a: Toxapex|44/100
|-damage|p2a: Corviknight|37/100 brn|[from] Recoil
|move|p1a: Toxapex|Scald|p2a: Corviknight
|-damage|p2a: Corviknight|19/100 brn
|
|-heal|p2a: Corviknight|26/100 brn|[from] item: Leftovers
|-damage|p2a: Corviknight|19/100 brn|[from] brn
|upkeep
|turn|55
|
|move|p2a: Corviknight|Roost|p2a: Corviknight
|-heal|p2a: Corviknight|69/100 brn
|-singleturn|p2a: Corviknight|move: Roost
|-activate|p1a: Toxapex|move: Struggle
|move|p1a: Toxapex|Struggle|p2a: Corviknight
|-damage|p2a: Corviknight|68/100 brn
|-damage|p1a: Toxapex|19/100|[from] recoil
|
|-heal|p2a: Corviknight|74/100 brn|[from] item: Leftovers
|-damage|p2a: Corviknight|68/100 brn|[from] brn
|-end|p1a: Toxapex|move: Taunt
|upkeep
|turn|56
|-message|Abnoba forfeited.
|
|win|darkaufeu77
|l|☆Abnoba
|c|☆darkaufeu77|gg
