|ScrapeTime|2020-01-01-19:08:48
|j|☆b1bullet2slow
|j|☆Pioupioux
|player|p1|b1bullet2slow|169|1438
|player|p2|Pioupioux|153|1441
|teamsize|p1|6
|teamsize|p2|6
|gametype|singles
|gen|8
|tier|[Gen 8] OU
|rated|
|rule|Sleep Clause Mod: Limit one foe put to sleep
|rule|Species Clause: Limit one of each Pokémon
|rule|OHKO Clause: OHKO moves are banned
|rule|Evasion Moves Clause: Evasion moves are banned
|rule|Endless Battle Clause: Forcing endless battles is banned
|rule|HP Percentage Mod: HP is shown in percentages
|clearpoke
|poke|p1|Corsola-Galar, M|
|poke|p1|Excadrill, M|
|poke|p1|Pelipper, M|
|poke|p1|Rotom-Wash|
|poke|p1|Dracovish|
|poke|p1|Lapras, M|
|poke|p2|Tyranitar, F|
|poke|p2|Excadrill, F|
|poke|p2|Appletun, M|
|poke|p2|Gengar, M|
|poke|p2|Corviknight, M|
|poke|p2|Dragapult, M|
|rule|Dynamax Clause: You cannot dynamax
|teampreview
|
|start
|switch|p1a: Rotom|Rotom-Wash|100/100
|switch|p2a: ♫ Still alive ♫|Tyranitar, F|100/100
|-weather|Sandstorm|[from] ability: Sand Stream|[of] p2a: ♫ Still alive ♫
|turn|1
|inactive|Battle timer is ON: inactive players will automatically lose when time's up. (requested by Pioupioux)
|
|switch|p2a: Dessert Sucré|Appletun, M|100/100
|move|p1a: Rotom|Will-O-Wisp|p2a: Dessert Sucré
|-status|p2a: Dessert Sucré|brn
|
|-weather|Sandstorm|[upkeep]
|-damage|p1a: Rotom|94/100|[from] Sandstorm
|-damage|p2a: Dessert Sucré|94/100 brn|[from] Sandstorm
|-heal|p2a: Dessert Sucré|100/100 brn|[from] item: Leftovers
|-damage|p2a: Dessert Sucré|94/100 brn|[from] brn
|upkeep
|turn|2
|
|switch|p1a: Pelipper|Pelipper, M|100/100
|-weather|RainDance|[from] ability: Drizzle|[of] p1a: Pelipper
|move|p2a: Dessert Sucré|Draco Meteor|p1a: Pelipper|[miss]
|-miss|p2a: Dessert Sucré|p1a: Pelipper
|
|-weather|RainDance|[upkeep]
|-heal|p2a: Dessert Sucré|100/100 brn|[from] item: Leftovers
|-damage|p2a: Dessert Sucré|94/100 brn|[from] brn
|upkeep
|turn|3
|
|switch|p2a: ♫ Still alive ♫|Tyranitar, F|100/100
|-weather|Sandstorm|[from] ability: Sand Stream|[of] p2a: ♫ Still alive ♫
|move|p1a: Pelipper|Hurricane|p2a: ♫ Still alive ♫
|-resisted|p2a: ♫ Still alive ♫
|-damage|p2a: ♫ Still alive ♫|86/100
|
|-weather|Sandstorm|[upkeep]
|-damage|p1a: Pelipper|94/100|[from] Sandstorm
|-heal|p2a: ♫ Still alive ♫|92/100|[from] item: Leftovers
|upkeep
|turn|4
|
|switch|p1a: Excadrill|Excadrill, M|100/100
|-ability|p1a: Excadrill|Mold Breaker
|move|p2a: ♫ Still alive ♫|Stealth Rock|p1a: Excadrill
|-sidestart|p1: b1bullet2slow|move: Stealth Rock
|
|-weather|Sandstorm|[upkeep]
|-heal|p2a: ♫ Still alive ♫|98/100|[from] item: Leftovers
|upkeep
|turn|5
|
|switch|p1a: Pelipper|Pelipper, M|94/100
|-damage|p1a: Pelipper|69/100|[from] Stealth Rock
|-weather|RainDance|[from] ability: Drizzle|[of] p1a: Pelipper
|switch|p2a: Grosse tête|Dragapult, M|100/100
|
|-weather|RainDance|[upkeep]
|upkeep
|turn|6
|
|move|p2a: Grosse tête|Draco Meteor|p1a: Pelipper
|-damage|p1a: Pelipper|0 fnt
|-unboost|p2a: Grosse tête|spa|2
|faint|p1a: Pelipper
|
|-weather|RainDance|[upkeep]
|upkeep
|
|switch|p1a: Lapras|Lapras, M|100/100
|-damage|p1a: Lapras|75/100|[from] Stealth Rock
|turn|7
|
|switch|p2a: Dessert Sucré|Appletun, M|94/100 brn
|move|p1a: Lapras|Freeze-Dry|p2a: Dessert Sucré
|-supereffective|p2a: Dessert Sucré
|-damage|p2a: Dessert Sucré|40/100 brn
|
|-weather|RainDance|[upkeep]
|-heal|p1a: Lapras|82/100|[from] item: Leftovers
|-heal|p2a: Dessert Sucré|47/100 brn|[from] item: Leftovers
|-damage|p2a: Dessert Sucré|40/100 brn|[from] brn
|upkeep
|turn|8
|
|switch|p2a: ♫ Still alive ♫|Tyranitar, F|98/100
|-weather|Sandstorm|[from] ability: Sand Stream|[of] p2a: ♫ Still alive ♫
|move|p1a: Lapras|Freeze-Dry|p2a: ♫ Still alive ♫
|-damage|p2a: ♫ Still alive ♫|88/100
|
|-weather|Sandstorm|[upkeep]
|-damage|p1a: Lapras|75/100|[from] Sandstorm
|-heal|p1a: Lapras|82/100|[from] item: Leftovers
|-heal|p2a: ♫ Still alive ♫|95/100|[from] item: Leftovers
|upkeep
|turn|9
|
|switch|p1a: Rotom|Rotom-Wash|94/100
|-damage|p1a: Rotom|82/100|[from] Stealth Rock
|move|p2a: ♫ Still alive ♫|Stone Edge|p1a: Rotom|[miss]
|-miss|p2a: ♫ Still alive ♫|p1a: Rotom
|
|-weather|Sandstorm|[upkeep]
|-damage|p1a: Rotom|76/100|[from] Sandstorm
|-heal|p2a: ♫ Still alive ♫|100/100|[from] item: Leftovers
|upkeep
|turn|10
|
|switch|p2a: Dessert Sucré|Appletun, M|40/100 brn
|move|p1a: Rotom|Trick|p2a: Dessert Sucré
|-activate|p1a: Rotom|move: Trick|[of] p2a: Dessert Sucré
|-item|p2a: Dessert Sucré|Choice Scarf|[from] move: Trick
|-item|p1a: Rotom|Leftovers|[from] move: Trick
|
|-weather|Sandstorm|[upkeep]
|-damage|p1a: Rotom|70/100|[from] Sandstorm
|-damage|p2a: Dessert Sucré|34/100 brn|[from] Sandstorm
|-heal|p1a: Rotom|76/100|[from] item: Leftovers
|-damage|p2a: Dessert Sucré|28/100 brn|[from] brn
|upkeep
|turn|11
|
|move|p1a: Rotom|Volt Switch|p2a: Dessert Sucré
|-resisted|p2a: Dessert Sucré
|-damage|p2a: Dessert Sucré|21/100 brn
|
|switch|p1a: Lapras|Lapras, M|82/100|[from]move: Volt Switch
|-damage|p1a: Lapras|57/100|[from] Stealth Rock
|move|p2a: Dessert Sucré|Recover|p2a: Dessert Sucré
|-heal|p2a: Dessert Sucré|71/100 brn
|
|-weather|Sandstorm|[upkeep]
|-damage|p1a: Lapras|50/100|[from] Sandstorm
|-damage|p2a: Dessert Sucré|65/100 brn|[from] Sandstorm
|-heal|p1a: Lapras|57/100|[from] item: Leftovers
|-damage|p2a: Dessert Sucré|59/100 brn|[from] brn
|upkeep
|turn|12
|
|switch|p2a: Je suis|Corviknight, M|100/100
|-ability|p2a: Je suis|Pressure
|move|p1a: Lapras|Substitute|p1a: Lapras
|-start|p1a: Lapras|Substitute
|-damage|p1a: Lapras|32/100
|
|-weather|none
|-heal|p1a: Lapras|38/100|[from] item: Leftovers
|upkeep
|turn|13
|
|move|p1a: Lapras|Whirlpool|p2a: Je suis|[miss]
|-miss|p1a: Lapras|p2a: Je suis
|move|p2a: Je suis|U-turn|p1a: Lapras
|-activate|p1a: Lapras|move: Substitute|[damage]
|
|switch|p2a: Grosse tête|Dragapult, M|100/100|[from]move: U-turn
|
|-heal|p1a: Lapras|44/100|[from] item: Leftovers
|upkeep
|turn|14
|
|move|p2a: Grosse tête|Shadow Ball|p1a: Lapras
|-damage|p1a: Lapras|1/100
|move|p1a: Lapras|Freeze-Dry|p2a: Grosse tête
|-supereffective|p2a: Grosse tête
|-damage|p2a: Grosse tête|32/100
|
|-heal|p1a: Lapras|8/100|[from] item: Leftovers
|upkeep
|turn|15
|
|move|p2a: Grosse tête|Shadow Ball|p1a: Lapras
|-damage|p1a: Lapras|0 fnt
|faint|p1a: Lapras
|
|upkeep
|
|switch|p1a: Excadrill|Excadrill, M|100/100
|-damage|p1a: Excadrill|97/100|[from] Stealth Rock
|-ability|p1a: Excadrill|Mold Breaker
|turn|16
|
|switch|p2a: Je suis|Corviknight, M|100/100
|-ability|p2a: Je suis|Pressure
|move|p1a: Excadrill|Rapid Spin|p2a: Je suis
|-resisted|p2a: Je suis
|-damage|p2a: Je suis|92/100
|-sideend|p1: b1bullet2slow|Stealth Rock|[from] move: Rapid Spin|[of] p1a: Excadrill
|-boost|p1a: Excadrill|spe|1
|
|-heal|p2a: Je suis|98/100|[from] item: Leftovers
|upkeep
|turn|17
|
|switch|p1a: Dracovish|Dracovish|100/100
|move|p2a: Je suis|U-turn|p1a: Dracovish
|-damage|p1a: Dracovish|86/100
|
|switch|p2a: Grosse tête|Dragapult, M|32/100|[from]move: U-turn
|
|upkeep
|turn|18
|
|switch|p1a: Rotom|Rotom-Wash|76/100
|move|p2a: Grosse tête|Draco Meteor|p1a: Rotom
|-damage|p1a: Rotom|0 fnt
|-unboost|p2a: Grosse tête|spa|2
|faint|p1a: Rotom
|
|upkeep
|
|switch|p1a: Corsola|Corsola-Galar, M|100/100
|turn|19
|
|switch|p2a: Dessert Sucré|Appletun, M|59/100 brn
|move|p1a: Corsola|Calm Mind|p1a: Corsola
|-boost|p1a: Corsola|spa|1
|-boost|p1a: Corsola|spd|1
|
|-damage|p2a: Dessert Sucré|53/100 brn|[from] brn
|upkeep
|turn|20
|
|switch|p2a: Tué puis boosté|Gengar, M|100/100
|move|p1a: Corsola|Calm Mind|p1a: Corsola
|-boost|p1a: Corsola|spa|1
|-boost|p1a: Corsola|spd|1
|
|upkeep
|turn|21
|
|move|p2a: Tué puis boosté|Encore|p1a: Corsola
|-start|p1a: Corsola|Encore
|move|p1a: Corsola|Calm Mind|p1a: Corsola
|-boost|p1a: Corsola|spa|1
|-boost|p1a: Corsola|spd|1
|
|upkeep
|turn|22
|
|move|p2a: Tué puis boosté|Shadow Ball|p1a: Corsola
|-supereffective|p1a: Corsola
|-damage|p1a: Corsola|69/100
|-start|p2a: Tué puis boosté|Disable|Shadow Ball|[from] ability: Cursed Body|[of] p1a: Corsola
|-damage|p2a: Tué puis boosté|91/100|[from] item: Life Orb
|move|p1a: Corsola|Calm Mind|p1a: Corsola
|-boost|p1a: Corsola|spa|1
|-boost|p1a: Corsola|spd|1
|
|upkeep
|turn|23
|
|move|p2a: Tué puis boosté|Nasty Plot|p2a: Tué puis boosté
|-boost|p2a: Tué puis boosté|spa|2
|move|p1a: Corsola|Calm Mind|p1a: Corsola
|-boost|p1a: Corsola|spa|1
|-boost|p1a: Corsola|spd|1
|
|-end|p1a: Corsola|Encore
|upkeep
|turn|24
|
|move|p2a: Tué puis boosté|Encore|p1a: Corsola
|-start|p1a: Corsola|Encore
|move|p1a: Corsola|Calm Mind|p1a: Corsola
|-boost|p1a: Corsola|spa|1
|-boost|p1a: Corsola|spd|1
|
|upkeep
|turn|25
|
|switch|p1a: Excadrill|Excadrill, M|97/100
|-ability|p1a: Excadrill|Mold Breaker
|move|p2a: Tué puis boosté|Focus Blast|p1a: Excadrill|[miss]
|-miss|p2a: Tué puis boosté|p1a: Excadrill
|
|-end|p2a: Tué puis boosté|Disable
|upkeep
|turn|26
|
|move|p1a: Excadrill|Rock Slide|p2a: Tué puis boosté
|-damage|p2a: Tué puis boosté|34/100
|move|p2a: Tué puis boosté|Focus Blast|p1a: Excadrill
|-supereffective|p1a: Excadrill
|-crit|p1a: Excadrill
|-damage|p1a: Excadrill|0 fnt
|-damage|p2a: Tué puis boosté|24/100|[from] item: Life Orb
|faint|p1a: Excadrill
|
|upkeep
|
|switch|p1a: Dracovish|Dracovish|86/100
|turn|27
|
|move|p2a: Tué puis boosté|Shadow Ball|p1a: Dracovish
|-damage|p1a: Dracovish|0 fnt
|-damage|p2a: Tué puis boosté|14/100|[from] item: Life Orb
|faint|p1a: Dracovish
|
|upkeep
|
|switch|p1a: Corsola|Corsola-Galar, M|69/100
|turn|28
|
|move|p2a: Tué puis boosté|Shadow Ball|p1a: Corsola
|-supereffective|p1a: Corsola
|-damage|p1a: Corsola|0 fnt
|-start|p2a: Tué puis boosté|Disable|Shadow Ball|[from] ability: Cursed Body|[of] p1a: Corsola
|-damage|p2a: Tué puis boosté|4/100|[from] item: Life Orb
|faint|p1a: Corsola
|
|win|Pioupioux
|l|☆b1bullet2slow
|raw|b1bullet2slow's rating: 1438 → 1419(-19 for losing)
|raw|Pioupioux's rating: 1441 → 1461(+20 for winning)
