|ScrapeTime|2020-01-02-13:25:09
|j|☆SomewhatGoodGimmic
|j|☆Gastouche
|player|p1|SomewhatGoodGimmic|cynthia|1139
|player|p2|Gastouche|ethan|1101
|teamsize|p1|6
|teamsize|p2|6
|gametype|singles
|gen|8
|tier|[Gen 8] OU
|rated|
|rule|Sleep Clause Mod: Limit one foe put to sleep
|rule|Species Clause: Limit one of each Pokémon
|rule|OHKO Clause: OHKO moves are banned
|rule|Evasion Moves Clause: Evasion moves are banned
|rule|Endless Battle Clause: Forcing endless battles is banned
|rule|HP Percentage Mod: HP is shown in percentages
|clearpoke
|poke|p1|Seismitoad, F|
|poke|p1|Dragapult, F|
|poke|p1|Eldegoss, F|
|poke|p1|Toxapex, F|
|poke|p1|Excadrill, F|
|poke|p1|Rotom-Heat|
|poke|p2|Cinderace, M|
|poke|p2|Dugtrio, M|
|poke|p2|Corviknight, M|
|poke|p2|Boltund, M|
|poke|p2|Gyarados, F|
|poke|p2|Obstagoon, F|
|rule|Dynamax Clause: You cannot dynamax
|teampreview
|
|start
|switch|p1a: Seismitoad|Seismitoad, F|100/100
|switch|p2a: JEVOISROUGE|Obstagoon, F, shiny|100/100
|turn|1
|inactive|Battle timer is ON: inactive players will automatically lose when time's up. (requested by SomewhatGoodGimmic)
|
|move|p2a: JEVOISROUGE|Obstruct|p2a: JEVOISROUGE
|-singleturn|p2a: JEVOISROUGE|Protect
|move|p1a: Seismitoad|Stealth Rock|p2a: JEVOISROUGE
|-sidestart|p2: Gastouche|move: Stealth Rock
|
|-status|p2a: JEVOISROUGE|brn|[from] item: Flame Orb
|upkeep
|turn|2
|
|move|p1a: Seismitoad|Protect|p1a: Seismitoad
|-singleturn|p1a: Seismitoad|Protect
|move|p2a: JEVOISROUGE|Knock Off|p1a: Seismitoad
|-activate|p1a: Seismitoad|move: Protect
|
|-damage|p2a: JEVOISROUGE|94/100 brn|[from] brn
|upkeep
|turn|3
|
|switch|p1a: Toxapex|Toxapex, F, shiny|100/100
|move|p2a: JEVOISROUGE|Knock Off|p1a: Toxapex
|-damage|p1a: Toxapex|58/100
|-enditem|p1a: Toxapex|Black Sludge|[from] move: Knock Off|[of] p2a: JEVOISROUGE
|
|-damage|p2a: JEVOISROUGE|88/100 brn|[from] brn
|upkeep
|turn|4
|inactive|Gastouche has 120 seconds left.
|
|move|p2a: JEVOISROUGE|Facade|p1a: Toxapex
|-damage|p1a: Toxapex|7/100
|move|p1a: Toxapex|Recover|p1a: Toxapex
|-heal|p1a: Toxapex|57/100
|
|-damage|p2a: JEVOISROUGE|82/100 brn|[from] brn
|upkeep
|turn|5
|inactive|Gastouche has 120 seconds left.
|
|move|p2a: JEVOISROUGE|Facade|p1a: Toxapex
|-damage|p1a: Toxapex|1/100
|move|p1a: Toxapex|Recover|p1a: Toxapex
|-heal|p1a: Toxapex|51/100
|
|-damage|p2a: JEVOISROUGE|76/100 brn|[from] brn
|upkeep
|turn|6
|
|move|p1a: Toxapex|Baneful Bunker|p1a: Toxapex
|-singleturn|p1a: Toxapex|move: Protect
|move|p2a: JEVOISROUGE|Facade|p1a: Toxapex
|-activate|p1a: Toxapex|move: Protect
|
|-damage|p2a: JEVOISROUGE|70/100 brn|[from] brn
|upkeep
|turn|7
|
|switch|p1a: Dragapult|Dragapult, F|100/100
|move|p2a: JEVOISROUGE|Facade|p1a: Dragapult
|-immune|p1a: Dragapult
|
|-damage|p2a: JEVOISROUGE|64/100 brn|[from] brn
|upkeep
|turn|8
|
|move|p1a: Dragapult|Dragon Darts|p2a: JEVOISROUGE
|-damage|p2a: JEVOISROUGE|34/100 brn
|-damage|p2a: JEVOISROUGE|3/100 brn
|-hitcount|p2a: JEVOISROUGE|2
|-damage|p1a: Dragapult|91/100|[from] item: Life Orb
|move|p2a: JEVOISROUGE|Knock Off|p1a: Dragapult
|-supereffective|p1a: Dragapult
|-damage|p1a: Dragapult|0 fnt
|-enditem|p1a: Dragapult|Life Orb|[from] move: Knock Off|[of] p2a: JEVOISROUGE
|faint|p1a: Dragapult
|
|-damage|p2a: JEVOISROUGE|0 fnt|[from] brn
|faint|p2a: JEVOISROUGE
|upkeep
|
|switch|p1a: Seismitoad|Seismitoad, F|100/100
|switch|p2a: FLAMBY|Cinderace, M|100/100
|turn|9
|
|move|p2a: FLAMBY|Court Change|p2a: FLAMBY
|-sideend|p2: Gastouche|Stealth Rock|[silent]
|-sidestart|p1: SomewhatGoodGimmic|Stealth Rock|[silent]
|-activate|p2a: FLAMBY|move: Court Change
|move|p1a: Seismitoad|Scald|p2a: FLAMBY
|-supereffective|p2a: FLAMBY
|-damage|p2a: FLAMBY|34/100
|
|upkeep
|turn|10
|
|move|p2a: FLAMBY|U-turn|p1a: Seismitoad
|-damage|p1a: Seismitoad|85/100
|
|switch|p2a: INUTILELOL|Gyarados, F|100/100|[from]move: U-turn
|-ability|p2a: INUTILELOL|Intimidate|boost
|-unboost|p1a: Seismitoad|atk|1
|move|p1a: Seismitoad|Stealth Rock|p2a: INUTILELOL
|-sidestart|p2: Gastouche|move: Stealth Rock
|
|-heal|p1a: Seismitoad|91/100|[from] item: Leftovers
|upkeep
|turn|11
|
|move|p2a: INUTILELOL|Dragon Dance|p2a: INUTILELOL
|-boost|p2a: INUTILELOL|atk|1
|-boost|p2a: INUTILELOL|spe|1
|move|p1a: Seismitoad|Toxic|p2a: INUTILELOL
|-status|p2a: INUTILELOL|tox
|
|-heal|p1a: Seismitoad|97/100|[from] item: Leftovers
|-damage|p2a: INUTILELOL|94/100 tox|[from] psn
|upkeep
|turn|12
|
|move|p2a: INUTILELOL|Dragon Dance|p2a: INUTILELOL
|-boost|p2a: INUTILELOL|atk|1
|-boost|p2a: INUTILELOL|spe|1
|move|p1a: Seismitoad|Scald|p2a: INUTILELOL
|-resisted|p2a: INUTILELOL
|-damage|p2a: INUTILELOL|81/100 tox
|
|-heal|p1a: Seismitoad|100/100|[from] item: Leftovers
|-damage|p2a: INUTILELOL|69/100 tox|[from] psn
|upkeep
|turn|13
|
|move|p1a: Seismitoad|Protect|p1a: Seismitoad
|-singleturn|p1a: Seismitoad|Protect
|move|p2a: INUTILELOL|Earthquake|p1a: Seismitoad
|-activate|p1a: Seismitoad|move: Protect
|
|-damage|p2a: INUTILELOL|51/100 tox|[from] psn
|upkeep
|turn|14
|
|move|p2a: INUTILELOL|Crunch|p1a: Seismitoad
|-damage|p1a: Seismitoad|54/100
|-damage|p2a: INUTILELOL|41/100 tox|[from] item: Life Orb
|move|p1a: Seismitoad|Scald|p2a: INUTILELOL
|-resisted|p2a: INUTILELOL
|-damage|p2a: INUTILELOL|29/100 tox
|
|-heal|p1a: Seismitoad|60/100|[from] item: Leftovers
|-damage|p2a: INUTILELOL|5/100 tox|[from] psn
|upkeep
|turn|15
|
|switch|p2a: JAMY|Corviknight, M|100/100
|-damage|p2a: JAMY|88/100|[from] Stealth Rock
|-ability|p2a: JAMY|Pressure
|move|p1a: Seismitoad|Protect||[still]
|-fail|p1a: Seismitoad
|
|-heal|p2a: JAMY|94/100|[from] item: Leftovers
|-heal|p1a: Seismitoad|66/100|[from] item: Leftovers
|upkeep
|turn|16
|
|move|p2a: JAMY|Substitute|p2a: JAMY
|-start|p2a: JAMY|Substitute
|-damage|p2a: JAMY|69/100
|move|p1a: Seismitoad|Scald|p2a: JAMY
|-activate|p2a: JAMY|move: Substitute|[damage]
|
|-heal|p2a: JAMY|75/100|[from] item: Leftovers
|-heal|p1a: Seismitoad|72/100|[from] item: Leftovers
|upkeep
|turn|17
|
|switch|p1a: Toxapex|Toxapex, F, shiny|84/100
|-damage|p1a: Toxapex|72/100|[from] Stealth Rock
|move|p2a: JAMY|Bulk Up|p2a: JAMY
|-boost|p2a: JAMY|atk|1
|-boost|p2a: JAMY|def|1
|
|-heal|p2a: JAMY|82/100|[from] item: Leftovers
|upkeep
|turn|18
|c|☆Gastouche|i have taunt lol
|
|move|p2a: JAMY|Brave Bird|p1a: Toxapex
|-crit|p1a: Toxapex
|-damage|p1a: Toxapex|19/100
|-damage|p2a: JAMY|68/100|[from] Recoil
|move|p1a: Toxapex|Scald|p2a: JAMY
|-end|p2a: JAMY|Substitute
|
|-heal|p2a: JAMY|75/100|[from] item: Leftovers
|upkeep
|turn|19
|
|switch|p1a: Rotom|Rotom-Heat|100/100
|-damage|p1a: Rotom|76/100|[from] Stealth Rock
|move|p2a: JAMY|Brave Bird|p1a: Rotom
|-resisted|p1a: Rotom
|-damage|p1a: Rotom|38/100
|-damage|p2a: JAMY|67/100|[from] Recoil
|
|-heal|p2a: JAMY|73/100|[from] item: Leftovers
|upkeep
|turn|20
|
|switch|p2a: INUTILELOL|Gyarados, F|5/100 tox
|-damage|p2a: INUTILELOL|0 fnt|[from] Stealth Rock
|faint|p2a: INUTILELOL
|move|p1a: Rotom|Will-O-Wisp|p2: INUTILELOL|[notarget]
|-fail|p1a: Rotom
|
|upkeep
|inactive|Gastouche has 120 seconds left.
|
|switch|p2a: TAUPEQUIPEUT|Dugtrio, M|100/100
|-damage|p2a: TAUPEQUIPEUT|94/100|[from] Stealth Rock
|turn|21
|
|switch|p1a: Seismitoad|Seismitoad, F|72/100
|-damage|p1a: Seismitoad|66/100|[from] Stealth Rock
|move|p2a: TAUPEQUIPEUT|Rock Slide|p1a: Seismitoad
|-resisted|p1a: Seismitoad
|-damage|p1a: Seismitoad|58/100
|
|-heal|p1a: Seismitoad|64/100|[from] item: Leftovers
|upkeep
|turn|22
|
|switch|p2a: JAMY|Corviknight, M|73/100
|-damage|p2a: JAMY|61/100|[from] Stealth Rock
|-ability|p2a: JAMY|Pressure
|move|p1a: Seismitoad|Scald|p2a: JAMY
|-damage|p2a: JAMY|42/100
|-status|p2a: JAMY|brn
|
|-heal|p2a: JAMY|48/100 brn|[from] item: Leftovers
|-heal|p1a: Seismitoad|70/100|[from] item: Leftovers
|-damage|p2a: JAMY|42/100 brn|[from] brn
|upkeep
|turn|23
|
|switch|p1a: Excadrill|Excadrill, F, shiny|100/100
|-ability|p1a: Excadrill|Mold Breaker
|move|p2a: JAMY|Roost|p2a: JAMY
|-heal|p2a: JAMY|92/100 brn
|-singleturn|p2a: JAMY|move: Roost
|
|-heal|p2a: JAMY|98/100 brn|[from] item: Leftovers
|-damage|p2a: JAMY|92/100 brn|[from] brn
|upkeep
|turn|24
|
|move|p1a: Excadrill|Rapid Spin|p2a: JAMY
|-resisted|p2a: JAMY
|-damage|p2a: JAMY|85/100 brn
|-sideend|p1: SomewhatGoodGimmic|Stealth Rock|[from] move: Rapid Spin|[of] p1a: Excadrill
|-boost|p1a: Excadrill|spe|1
|move|p2a: JAMY|Substitute|p2a: JAMY
|-start|p2a: JAMY|Substitute
|-damage|p2a: JAMY|60/100 brn
|
|-heal|p2a: JAMY|66/100 brn|[from] item: Leftovers
|-damage|p2a: JAMY|60/100 brn|[from] brn
|upkeep
|turn|25
|
|switch|p1a: Rotom|Rotom-Heat|38/100
|move|p2a: JAMY|Bulk Up|p2a: JAMY
|-boost|p2a: JAMY|atk|1
|-boost|p2a: JAMY|def|1
|
|-heal|p2a: JAMY|66/100 brn|[from] item: Leftovers
|-damage|p2a: JAMY|60/100 brn|[from] brn
|upkeep
|turn|26
|
|move|p1a: Rotom|Volt Switch|p2a: JAMY
|-supereffective|p2a: JAMY
|-end|p2a: JAMY|Substitute
|
|switch|p1a: Toxapex|Toxapex, F, shiny|52/100|[from]move: Volt Switch
|move|p2a: JAMY|Brave Bird|p1a: Toxapex
|-damage|p1a: Toxapex|36/100
|-damage|p2a: JAMY|56/100 brn|[from] Recoil
|
|-heal|p2a: JAMY|62/100 brn|[from] item: Leftovers
|-damage|p2a: JAMY|56/100 brn|[from] brn
|upkeep
|turn|27
|inactive|Gastouche has 120 seconds left.
|
|move|p2a: JAMY|Substitute|p2a: JAMY
|-start|p2a: JAMY|Substitute
|-damage|p2a: JAMY|31/100 brn
|move|p1a: Toxapex|Recover|p1a: Toxapex
|-heal|p1a: Toxapex|86/100
|
|-heal|p2a: JAMY|37/100 brn|[from] item: Leftovers
|-damage|p2a: JAMY|31/100 brn|[from] brn
|upkeep
|turn|28
|inactive|Gastouche has 120 seconds left.
|
|move|p2a: JAMY|Bulk Up|p2a: JAMY
|-boost|p2a: JAMY|atk|1
|-boost|p2a: JAMY|def|1
|move|p1a: Toxapex|Haze|p1a: Toxapex
|-clearallboost
|
|-heal|p2a: JAMY|37/100 brn|[from] item: Leftovers
|-damage|p2a: JAMY|31/100 brn|[from] brn
|upkeep
|turn|29
|
|move|p2a: JAMY|Roost|p2a: JAMY
|-heal|p2a: JAMY|81/100 brn
|-singleturn|p2a: JAMY|move: Roost
|move|p1a: Toxapex|Scald|p2a: JAMY
|-activate|p2a: JAMY|move: Substitute|[damage]
|
|-heal|p2a: JAMY|87/100 brn|[from] item: Leftovers
|-damage|p2a: JAMY|81/100 brn|[from] brn
|upkeep
|turn|30
|
|switch|p1a: Rotom|Rotom-Heat|38/100
|move|p2a: JAMY|Bulk Up|p2a: JAMY
|-boost|p2a: JAMY|atk|1
|-boost|p2a: JAMY|def|1
|
|-heal|p2a: JAMY|87/100 brn|[from] item: Leftovers
|-damage|p2a: JAMY|81/100 brn|[from] brn
|upkeep
|turn|31
|
|move|p1a: Rotom|Volt Switch|p2a: JAMY
|-supereffective|p2a: JAMY
|-end|p2a: JAMY|Substitute
|
|switch|p1a: Toxapex|Toxapex, F, shiny|100/100|[from]move: Volt Switch
|move|p2a: JAMY|Bulk Up|p2a: JAMY
|-boost|p2a: JAMY|atk|1
|-boost|p2a: JAMY|def|1
|
|-heal|p2a: JAMY|87/100 brn|[from] item: Leftovers
|-damage|p2a: JAMY|81/100 brn|[from] brn
|upkeep
|turn|32
|
|move|p2a: JAMY|Brave Bird|p1a: Toxapex
|-damage|p1a: Toxapex|80/100
|-damage|p2a: JAMY|76/100 brn|[from] Recoil
|move|p1a: Toxapex|Haze|p1a: Toxapex
|-clearallboost
|
|-heal|p2a: JAMY|82/100 brn|[from] item: Leftovers
|-damage|p2a: JAMY|76/100 brn|[from] brn
|upkeep
|turn|33
|
|switch|p2a: FLAMBY|Cinderace, M|34/100
|switch|p1a: Rotom|Rotom-Heat|38/100
|
|upkeep
|turn|34
|
|move|p1a: Rotom|Volt Switch|p2a: FLAMBY
|-damage|p2a: FLAMBY|0 fnt
|faint|p2a: FLAMBY
|
|switch|p1a: Eldegoss|Eldegoss, F|100/100|[from]move: Volt Switch
|
|upkeep
|
|switch|p2a: JAMY|Corviknight, M|76/100 brn
|-damage|p2a: JAMY|63/100 brn|[from] Stealth Rock
|-ability|p2a: JAMY|Pressure
|turn|35
|inactive|SomewhatGoodGimmic has 120 seconds left.
|
|switch|p1a: Rotom|Rotom-Heat|38/100
|move|p2a: JAMY|Brave Bird|p1a: Rotom
|-resisted|p1a: Rotom
|-damage|p1a: Rotom|27/100
|-damage|p2a: JAMY|61/100 brn|[from] Recoil
|
|-heal|p2a: JAMY|67/100 brn|[from] item: Leftovers
|-damage|p2a: JAMY|61/100 brn|[from] brn
|upkeep
|turn|36
|
|switch|p2a: TAUPEQUIPEUT|Dugtrio, M|94/100
|-damage|p2a: TAUPEQUIPEUT|88/100|[from] Stealth Rock
|move|p1a: Rotom|Volt Switch|p2a: TAUPEQUIPEUT
|-immune|p2a: TAUPEQUIPEUT
|
|upkeep
|turn|37
|
|switch|p1a: Seismitoad|Seismitoad, F|70/100
|move|p2a: TAUPEQUIPEUT|Stealth Rock|p1a: Seismitoad
|-sidestart|p1: SomewhatGoodGimmic|move: Stealth Rock
|
|-heal|p1a: Seismitoad|76/100|[from] item: Leftovers
|upkeep
|turn|38
|
|switch|p2a: JAMY|Corviknight, M|61/100 brn
|-damage|p2a: JAMY|49/100 brn|[from] Stealth Rock
|-ability|p2a: JAMY|Pressure
|move|p1a: Seismitoad|Scald|p2a: JAMY
|-damage|p2a: JAMY|30/100 brn
|
|-heal|p2a: JAMY|36/100 brn|[from] item: Leftovers
|-heal|p1a: Seismitoad|82/100|[from] item: Leftovers
|-damage|p2a: JAMY|30/100 brn|[from] brn
|upkeep
|turn|39
|
|switch|p1a: Excadrill|Excadrill, F, shiny|100/100
|-ability|p1a: Excadrill|Mold Breaker
|move|p2a: JAMY|Substitute|p2a: JAMY
|-start|p2a: JAMY|Substitute
|-damage|p2a: JAMY|5/100 brn
|
|-heal|p2a: JAMY|11/100 brn|[from] item: Leftovers
|-damage|p2a: JAMY|5/100 brn|[from] brn
|upkeep
|turn|40
|
|move|p1a: Excadrill|Rapid Spin|p2a: JAMY
|-resisted|p2a: JAMY
|-activate|p2a: JAMY|move: Substitute|[damage]
|-sideend|p1: SomewhatGoodGimmic|Stealth Rock|[from] move: Rapid Spin|[of] p1a: Excadrill
|-boost|p1a: Excadrill|spe|1
|move|p2a: JAMY|Roost|p2a: JAMY
|-heal|p2a: JAMY|55/100 brn
|-singleturn|p2a: JAMY|move: Roost
|
|-heal|p2a: JAMY|61/100 brn|[from] item: Leftovers
|-damage|p2a: JAMY|55/100 brn|[from] brn
|upkeep
|turn|41
|
|switch|p1a: Toxapex|Toxapex, F, shiny|100/100
|move|p2a: JAMY|Bulk Up|p2a: JAMY
|-boost|p2a: JAMY|atk|1
|-boost|p2a: JAMY|def|1
|
|-heal|p2a: JAMY|61/100 brn|[from] item: Leftovers
|-damage|p2a: JAMY|55/100 brn|[from] brn
|upkeep
|turn|42
|
|move|p2a: JAMY|Brave Bird|p1a: Toxapex
|-damage|p1a: Toxapex|85/100
|-damage|p2a: JAMY|51/100 brn|[from] Recoil
|move|p1a: Toxapex|Scald|p2a: JAMY
|-activate|p2a: JAMY|move: Substitute|[damage]
|
|-heal|p2a: JAMY|57/100 brn|[from] item: Leftovers
|-damage|p2a: JAMY|51/100 brn|[from] brn
|upkeep
|turn|43
|
|move|p2a: JAMY|Brave Bird|p1a: Toxapex
|-damage|p1a: Toxapex|68/100
|-damage|p2a: JAMY|46/100 brn|[from] Recoil
|move|p1a: Toxapex|Scald|p2a: JAMY
|-end|p2a: JAMY|Substitute
|
|-heal|p2a: JAMY|53/100 brn|[from] item: Leftovers
|-damage|p2a: JAMY|46/100 brn|[from] brn
|upkeep
|turn|44
|
|switch|p1a: Rotom|Rotom-Heat|27/100
|move|p2a: JAMY|Roost|p2a: JAMY
|-heal|p2a: JAMY|96/100 brn
|-singleturn|p2a: JAMY|move: Roost
|
|-heal|p2a: JAMY|100/100 brn|[from] item: Leftovers
|-damage|p2a: JAMY|94/100 brn|[from] brn
|upkeep
|turn|45
|
|move|p1a: Rotom|Volt Switch|p2a: JAMY
|-supereffective|p2a: JAMY
|-damage|p2a: JAMY|49/100 brn
|
|switch|p1a: Toxapex|Toxapex, F, shiny|100/100|[from]move: Volt Switch
|move|p2a: JAMY|Substitute|p2a: JAMY
|-start|p2a: JAMY|Substitute
|-damage|p2a: JAMY|24/100 brn
|
|-heal|p2a: JAMY|30/100 brn|[from] item: Leftovers
|-damage|p2a: JAMY|24/100 brn|[from] brn
|upkeep
|turn|46
|
|move|p2a: JAMY|Roost|p2a: JAMY
|-heal|p2a: JAMY|74/100 brn
|-singleturn|p2a: JAMY|move: Roost
|move|p1a: Toxapex|Scald|p2a: JAMY
|-activate|p2a: JAMY|move: Substitute|[damage]
|
|-heal|p2a: JAMY|80/100 brn|[from] item: Leftovers
|-damage|p2a: JAMY|74/100 brn|[from] brn
|upkeep
|turn|47
|
|move|p1a: Toxapex|Baneful Bunker|p1a: Toxapex
|-singleturn|p1a: Toxapex|move: Protect
|move|p2a: JAMY|Bulk Up|p2a: JAMY
|-boost|p2a: JAMY|atk|1
|-boost|p2a: JAMY|def|1
|
|-heal|p2a: JAMY|80/100 brn|[from] item: Leftovers
|-damage|p2a: JAMY|74/100 brn|[from] brn
|upkeep
|turn|48
|
|move|p2a: JAMY|Brave Bird|p1a: Toxapex
|-damage|p1a: Toxapex|77/100
|-damage|p2a: JAMY|68/100 brn|[from] Recoil
|move|p1a: Toxapex|Haze|p1a: Toxapex
|-clearallboost
|
|-heal|p2a: JAMY|74/100 brn|[from] item: Leftovers
|-damage|p2a: JAMY|68/100 brn|[from] brn
|upkeep
|turn|49
|
|move|p2a: JAMY|Bulk Up|p2a: JAMY
|-boost|p2a: JAMY|atk|1
|-boost|p2a: JAMY|def|1
|move|p1a: Toxapex|Scald|p2a: JAMY
|-end|p2a: JAMY|Substitute
|
|-heal|p2a: JAMY|74/100 brn|[from] item: Leftovers
|-damage|p2a: JAMY|68/100 brn|[from] brn
|upkeep
|turn|50
|
|move|p1a: Toxapex|Baneful Bunker|p1a: Toxapex
|-singleturn|p1a: Toxapex|move: Protect
|move|p2a: JAMY|Bulk Up|p2a: JAMY
|-boost|p2a: JAMY|atk|1
|-boost|p2a: JAMY|def|1
|
|-heal|p2a: JAMY|74/100 brn|[from] item: Leftovers
|-damage|p2a: JAMY|68/100 brn|[from] brn
|upkeep
|turn|51
|
|switch|p2a: TAUPEQUIPEUT|Dugtrio, M|88/100
|-damage|p2a: TAUPEQUIPEUT|82/100|[from] Stealth Rock
|move|p1a: Toxapex|Haze|p1a: Toxapex
|-clearallboost
|
|upkeep
|turn|52
|
|move|p2a: TAUPEQUIPEUT|Rock Slide|p1a: Toxapex
|-damage|p1a: Toxapex|65/100
|move|p1a: Toxapex|Scald|p2a: TAUPEQUIPEUT
|-supereffective|p2a: TAUPEQUIPEUT
|-damage|p2a: TAUPEQUIPEUT|16/100
|-status|p2a: TAUPEQUIPEUT|brn
|
|-damage|p2a: TAUPEQUIPEUT|10/100 brn|[from] brn
|upkeep
|turn|53
|c|☆SomewhatGoodGimmic|why'd you rock slide :? im trapped
|
|move|p1a: Toxapex|Baneful Bunker|p1a: Toxapex
|-singleturn|p1a: Toxapex|move: Protect
|move|p2a: TAUPEQUIPEUT|Earthquake|p1a: Toxapex
|-activate|p1a: Toxapex|move: Protect
|
|-damage|p2a: TAUPEQUIPEUT|3/100 brn|[from] brn
|upkeep
|turn|54
|c|☆Gastouche|lol j avais oublié
|c|☆Gastouche|i have forgotten
|
|move|p2a: TAUPEQUIPEUT|Earthquake|p1a: Toxapex
|-supereffective|p1a: Toxapex
|-damage|p1a: Toxapex|41/100
|move|p1a: Toxapex|Recover|p1a: Toxapex
|-heal|p1a: Toxapex|91/100
|
|-damage|p2a: TAUPEQUIPEUT|0 fnt|[from] brn
|faint|p2a: TAUPEQUIPEUT
|upkeep
|c|☆SomewhatGoodGimmic|LMAO fair enough
|c|☆SomewhatGoodGimmic|i'd do that too
|
|switch|p2a: YOUGGI|Boltund, M|100/100
|-damage|p2a: YOUGGI|88/100|[from] Stealth Rock
|turn|55
|c|☆Gastouche|gg
|
|switch|p1a: Seismitoad|Seismitoad, F|82/100
|move|p2a: YOUGGI|Psychic Fangs|p1a: Seismitoad
|-damage|p1a: Seismitoad|44/100
|
|-heal|p1a: Seismitoad|50/100|[from] item: Leftovers
|upkeep
|turn|56
|c|☆SomewhatGoodGimmic|gg
|c|☆SomewhatGoodGimmic|you played your corviknight very very well
|
|switch|p2a: JAMY|Corviknight, M|68/100 brn
|-damage|p2a: JAMY|56/100 brn|[from] Stealth Rock
|-ability|p2a: JAMY|Pressure
|move|p1a: Seismitoad|Scald|p2a: JAMY
|-damage|p2a: JAMY|37/100 brn
|
|-heal|p2a: JAMY|44/100 brn|[from] item: Leftovers
|-heal|p1a: Seismitoad|56/100|[from] item: Leftovers
|-damage|p2a: JAMY|37/100 brn|[from] brn
|upkeep
|turn|57
|c|☆Gastouche|thank s
|
|switch|p1a: Toxapex|Toxapex, F, shiny|100/100
|move|p2a: JAMY|Brave Bird|p1a: Toxapex
|-damage|p1a: Toxapex|90/100
|-damage|p2a: JAMY|35/100 brn|[from] Recoil
|
|-heal|p2a: JAMY|41/100 brn|[from] item: Leftovers
|-damage|p2a: JAMY|35/100 brn|[from] brn
|upkeep
|turn|58
|
|move|p2a: JAMY|Brave Bird|p1a: Toxapex
|-damage|p1a: Toxapex|80/100
|-damage|p2a: JAMY|32/100 brn|[from] Recoil
|move|p1a: Toxapex|Scald|p2a: JAMY
|-damage|p2a: JAMY|19/100 brn
|
|-heal|p2a: JAMY|25/100 brn|[from] item: Leftovers
|-damage|p2a: JAMY|19/100 brn|[from] brn
|upkeep
|turn|59
|
|move|p2a: JAMY|Brave Bird|p1a: Toxapex
|-damage|p1a: Toxapex|69/100
|-damage|p2a: JAMY|16/100 brn|[from] Recoil
|move|p1a: Toxapex|Scald|p2a: JAMY
|-damage|p2a: JAMY|2/100 brn
|
|-heal|p2a: JAMY|8/100 brn|[from] item: Leftovers
|-damage|p2a: JAMY|2/100 brn|[from] brn
|upkeep
|turn|60
|
|move|p2a: JAMY|Brave Bird|p1a: Toxapex
|-damage|p1a: Toxapex|58/100
|-damage|p2a: JAMY|0 fnt|[from] Recoil
|faint|p2a: JAMY
|move|p1a: Toxapex|Scald|p2: JAMY|[notarget]
|-fail|p1a: Toxapex
|
|upkeep
|
|switch|p2a: YOUGGI|Boltund, M|88/100
|-damage|p2a: YOUGGI|76/100|[from] Stealth Rock
|turn|61
|
|move|p1a: Toxapex|Baneful Bunker|p1a: Toxapex
|-singleturn|p1a: Toxapex|move: Protect
|move|p2a: YOUGGI|Psychic Fangs|p1a: Toxapex
|-activate|p1a: Toxapex|move: Protect
|-status|p2a: YOUGGI|psn
|
|-damage|p2a: YOUGGI|64/100 psn|[from] psn
|upkeep
|turn|62
|
|move|p2a: YOUGGI|Psychic Fangs|p1a: Toxapex
|-supereffective|p1a: Toxapex
|-damage|p1a: Toxapex|1/100
|move|p1a: Toxapex|Scald|p2a: YOUGGI
|-damage|p2a: YOUGGI|32/100 psn
|
|-damage|p2a: YOUGGI|20/100 psn|[from] psn
|upkeep
|turn|63
|c|☆SomewhatGoodGimmic|jeez that thing is strong
|
|move|p2a: YOUGGI|Psychic Fangs|p1a: Toxapex
|-supereffective|p1a: Toxapex
|-damage|p1a: Toxapex|0 fnt
|faint|p1a: Toxapex
|
|-damage|p2a: YOUGGI|8/100 psn|[from] psn
|upkeep
|
|switch|p1a: Excadrill|Excadrill, F, shiny|100/100
|-ability|p1a: Excadrill|Mold Breaker
|turn|64
|
|move|p2a: YOUGGI|Psychic Fangs|p1a: Excadrill
|-resisted|p1a: Excadrill
|-damage|p1a: Excadrill|63/100
|move|p1a: Excadrill|Rapid Spin|p2a: YOUGGI
|-damage|p2a: YOUGGI|0 fnt
|-boost|p1a: Excadrill|spe|1
|faint|p2a: YOUGGI
|
|win|SomewhatGoodGimmic
|raw|SomewhatGoodGimmic's rating: 1139 → 1160(+21 for winning)
|raw|Gastouche's rating: 1079 → 1061(-18 for losing)
|l|☆Gastouche
