|ScrapeTime|2020-01-02-03:56:34
|j|☆Platinum Chanel
|j|☆PrivateGirs
|player|p1|Platinum Chanel|elesa|1572
|player|p2|PrivateGirs|165|1495
|teamsize|p1|6
|teamsize|p2|6
|gametype|singles
|gen|8
|tier|[Gen 8] OU
|rated|
|rule|Sleep Clause Mod: Limit one foe put to sleep
|rule|Species Clause: Limit one of each Pokémon
|rule|OHKO Clause: OHKO moves are banned
|rule|Evasion Moves Clause: Evasion moves are banned
|rule|Endless Battle Clause: Forcing endless battles is banned
|rule|HP Percentage Mod: HP is shown in percentages
|clearpoke
|poke|p1|Cloyster, M|
|poke|p1|Cinderace, M|
|poke|p1|Aegislash, M|
|poke|p1|Hydreigon, F|
|poke|p1|Dragapult, M|
|poke|p1|Clefable, M|
|poke|p2|Hydreigon, M|
|poke|p2|Grimmsnarl, M|
|poke|p2|Corviknight, F|
|poke|p2|Corsola-Galar, M|
|poke|p2|Seismitoad, M|
|poke|p2|Drapion, M|
|rule|Dynamax Clause: You cannot dynamax
|teampreview
|inactive|Battle timer is ON: inactive players will automatically lose when time's up. (requested by PrivateGirs)
|
|start
|switch|p1a: Hydreigon|Hydreigon, F|100/100
|switch|p2a: Drapion|Drapion, M|100/100
|turn|1
|
|switch|p2a: Grimmsnarl|Grimmsnarl, M|100/100
|move|p1a: Hydreigon|Nasty Plot|p1a: Hydreigon
|-boost|p1a: Hydreigon|spa|2
|
|upkeep
|turn|2
|
|move|p1a: Hydreigon|Flash Cannon|p2a: Grimmsnarl
|-supereffective|p2a: Grimmsnarl
|-damage|p2a: Grimmsnarl|0 fnt
|faint|p2a: Grimmsnarl
|
|upkeep
|
|switch|p2a: Corviknight|Corviknight, F|100/100
|-ability|p2a: Corviknight|Pressure
|turn|3
|
|move|p1a: Hydreigon|Dark Pulse|p2a: Corviknight
|-damage|p2a: Corviknight|46/100
|move|p2a: Corviknight|Roost|p2a: Corviknight
|-heal|p2a: Corviknight|96/100
|-singleturn|p2a: Corviknight|move: Roost
|
|-heal|p2a: Corviknight|100/100|[from] item: Leftovers
|upkeep
|turn|4
|
|move|p1a: Hydreigon|Dark Pulse|p2a: Corviknight
|-damage|p2a: Corviknight|47/100
|cant|p2a: Corviknight|flinch
|
|-heal|p2a: Corviknight|53/100|[from] item: Leftovers
|upkeep
|turn|5
|
|switch|p2a: Hydreigon|Hydreigon, M|100/100
|move|p1a: Hydreigon|Dark Pulse|p2a: Hydreigon
|-resisted|p2a: Hydreigon
|-damage|p2a: Hydreigon|54/100
|
|upkeep
|turn|6
|
|move|p2a: Hydreigon|Draco Meteor|p1a: Hydreigon
|-supereffective|p1a: Hydreigon
|-damage|p1a: Hydreigon|0 fnt
|-unboost|p2a: Hydreigon|spa|2
|faint|p1a: Hydreigon
|
|upkeep
|
|switch|p1a: Cinderace|Cinderace, M|100/100
|turn|7
|
|switch|p2a: Seismitoad|Seismitoad, M|100/100
|move|p1a: Cinderace|U-turn|p2a: Seismitoad
|-damage|p2a: Seismitoad|83/100
|
|switch|p1a: Cloyster|Cloyster, M|100/100|[from]move: U-turn
|
|-heal|p2a: Seismitoad|89/100|[from] item: Leftovers
|upkeep
|turn|8
|
|move|p1a: Cloyster|Icicle Spear|p2a: Seismitoad
|-damage|p2a: Seismitoad|81/100
|-damage|p2a: Seismitoad|73/100
|-damage|p2a: Seismitoad|65/100
|-damage|p2a: Seismitoad|58/100
|-damage|p2a: Seismitoad|51/100
|-hitcount|p2a: Seismitoad|5
|move|p2a: Seismitoad|Scald|p1a: Cloyster
|-resisted|p1a: Cloyster
|-damage|p1a: Cloyster|67/100
|
|-heal|p2a: Seismitoad|57/100|[from] item: Leftovers
|upkeep
|turn|9
|
|move|p1a: Cloyster|Shell Smash|p1a: Cloyster
|-unboost|p1a: Cloyster|def|1
|-unboost|p1a: Cloyster|spd|1
|-boost|p1a: Cloyster|atk|2
|-boost|p1a: Cloyster|spa|2
|-boost|p1a: Cloyster|spe|2
|move|p2a: Seismitoad|Scald|p1a: Cloyster
|-resisted|p1a: Cloyster
|-damage|p1a: Cloyster|23/100
|
|-heal|p2a: Seismitoad|63/100|[from] item: Leftovers
|upkeep
|turn|10
|
|move|p1a: Cloyster|Icicle Spear|p2a: Seismitoad
|-damage|p2a: Seismitoad|48/100
|-damage|p2a: Seismitoad|34/100
|-damage|p2a: Seismitoad|20/100
|-damage|p2a: Seismitoad|4/100
|-damage|p2a: Seismitoad|0 fnt
|-hitcount|p2a: Seismitoad|5
|faint|p2a: Seismitoad
|
|upkeep
|
|switch|p2a: Corsola|Corsola-Galar, M|100/100
|turn|11
|
|move|p1a: Cloyster|Icicle Spear|p2a: Corsola
|-damage|p2a: Corsola|90/100
|-damage|p2a: Corsola|80/100
|-damage|p2a: Corsola|69/100
|-start|p1a: Cloyster|Disable|Icicle Spear|[from] ability: Cursed Body|[of] p2a: Corsola
|-damage|p2a: Corsola|58/100
|-damage|p2a: Corsola|47/100
|-hitcount|p2a: Corsola|5
|move|p2a: Corsola|Night Shade|p1a: Cloyster
|-damage|p1a: Cloyster|0 fnt
|faint|p1a: Cloyster
|
|upkeep
|
|switch|p1a: Clefable|Clefable, M|100/100
|turn|12
|
|move|p1a: Clefable|Calm Mind|p1a: Clefable
|-boost|p1a: Clefable|spa|1
|-boost|p1a: Clefable|spd|1
|move|p2a: Corsola|Night Shade|p1a: Clefable
|-damage|p1a: Clefable|75/100
|
|upkeep
|turn|13
|
|move|p1a: Clefable|Moonblast|p2a: Corsola
|-damage|p2a: Corsola|0 fnt
|-start|p1a: Clefable|Disable|Moonblast|[from] ability: Cursed Body|[of] p2a: Corsola
|faint|p2a: Corsola
|
|upkeep
|
|switch|p2a: Drapion|Drapion, M|100/100
|turn|14
|
|switch|p1a: Cinderace|Cinderace, M|100/100
|move|p2a: Drapion|Knock Off|p1a: Cinderace
|-damage|p1a: Cinderace|42/100
|-enditem|p1a: Cinderace|Heavy-Duty Boots|[from] move: Knock Off|[of] p2a: Drapion
|
|upkeep
|turn|15
|
|move|p2a: Drapion|Knock Off|p1a: Cinderace
|-damage|p1a: Cinderace|2/100
|move|p1a: Cinderace|Pyro Ball|p2a: Drapion|[miss]
|-miss|p1a: Cinderace|p2a: Drapion
|
|upkeep
|turn|16
|
|move|p2a: Drapion|Knock Off|p1a: Cinderace
|-damage|p1a: Cinderace|0 fnt
|faint|p1a: Cinderace
|
|upkeep
|
|switch|p1a: Clefable|Clefable, M|75/100
|turn|17
|
|move|p2a: Drapion|Knock Off|p1a: Clefable
|-resisted|p1a: Clefable
|-damage|p1a: Clefable|52/100
|-enditem|p1a: Clefable|Life Orb|[from] move: Knock Off|[of] p2a: Drapion
|move|p1a: Clefable|Fire Blast|p2a: Drapion
|-damage|p2a: Drapion|52/100
|
|upkeep
|turn|18
|
|switch|p2a: Corviknight|Corviknight, F|53/100
|-ability|p2a: Corviknight|Pressure
|move|p1a: Clefable|Moonlight|p1a: Clefable
|-heal|p1a: Clefable|100/100
|
|-heal|p2a: Corviknight|59/100|[from] item: Leftovers
|upkeep
|turn|19
|
|move|p2a: Corviknight|Roost|p2a: Corviknight
|-heal|p2a: Corviknight|100/100
|-singleturn|p2a: Corviknight|move: Roost
|move|p1a: Clefable|Fire Blast|p2a: Corviknight
|-supereffective|p2a: Corviknight
|-damage|p2a: Corviknight|54/100
|
|-heal|p2a: Corviknight|60/100|[from] item: Leftovers
|upkeep
|turn|20
|
|move|p2a: Corviknight|Roost|p2a: Corviknight
|-heal|p2a: Corviknight|100/100
|-singleturn|p2a: Corviknight|move: Roost
|move|p1a: Clefable|Calm Mind|p1a: Clefable
|-boost|p1a: Clefable|spa|1
|-boost|p1a: Clefable|spd|1
|
|upkeep
|turn|21
|
|move|p2a: Corviknight|Brave Bird|p1a: Clefable
|-damage|p1a: Clefable|63/100
|-damage|p2a: Corviknight|88/100|[from] Recoil
|move|p1a: Clefable|Fire Blast|p2a: Corviknight|[miss]
|-miss|p1a: Clefable|p2a: Corviknight
|
|-heal|p2a: Corviknight|94/100|[from] item: Leftovers
|upkeep
|turn|22
|
|move|p2a: Corviknight|Substitute|p2a: Corviknight
|-start|p2a: Corviknight|Substitute
|-damage|p2a: Corviknight|69/100
|move|p1a: Clefable|Moonlight|p1a: Clefable
|-heal|p1a: Clefable|100/100
|
|-heal|p2a: Corviknight|75/100|[from] item: Leftovers
|upkeep
|turn|23
|
|move|p2a: Corviknight|Brave Bird|p1a: Clefable
|-damage|p1a: Clefable|57/100
|-damage|p2a: Corviknight|61/100|[from] Recoil
|move|p1a: Clefable|Calm Mind|p1a: Clefable
|-boost|p1a: Clefable|spa|1
|-boost|p1a: Clefable|spd|1
|
|-heal|p2a: Corviknight|67/100|[from] item: Leftovers
|upkeep
|turn|24
|
|move|p2a: Corviknight|Bulk Up|p2a: Corviknight
|-boost|p2a: Corviknight|atk|1
|-boost|p2a: Corviknight|def|1
|move|p1a: Clefable|Moonlight|p1a: Clefable
|-heal|p1a: Clefable|100/100
|
|-heal|p2a: Corviknight|73/100|[from] item: Leftovers
|upkeep
|turn|25
|
|move|p2a: Corviknight|Bulk Up|p2a: Corviknight
|-boost|p2a: Corviknight|atk|1
|-boost|p2a: Corviknight|def|1
|move|p1a: Clefable|Calm Mind|p1a: Clefable
|-boost|p1a: Clefable|spa|1
|-boost|p1a: Clefable|spd|1
|
|-heal|p2a: Corviknight|79/100|[from] item: Leftovers
|upkeep
|turn|26
|
|move|p2a: Corviknight|Bulk Up|p2a: Corviknight
|-boost|p2a: Corviknight|atk|1
|-boost|p2a: Corviknight|def|1
|move|p1a: Clefable|Moonblast|p2a: Corviknight
|-resisted|p2a: Corviknight
|-end|p2a: Corviknight|Substitute
|
|-heal|p2a: Corviknight|85/100|[from] item: Leftovers
|upkeep
|turn|27
|
|move|p2a: Corviknight|Substitute|p2a: Corviknight
|-start|p2a: Corviknight|Substitute
|-damage|p2a: Corviknight|61/100
|move|p1a: Clefable|Moonblast|p2a: Corviknight
|-resisted|p2a: Corviknight
|-end|p2a: Corviknight|Substitute
|
|-heal|p2a: Corviknight|67/100|[from] item: Leftovers
|upkeep
|turn|28
|
|move|p2a: Corviknight|Roost|p2a: Corviknight
|-heal|p2a: Corviknight|100/100
|-singleturn|p2a: Corviknight|move: Roost
|move|p1a: Clefable|Moonblast|p2a: Corviknight
|-resisted|p2a: Corviknight
|-damage|p2a: Corviknight|66/100
|
|-heal|p2a: Corviknight|72/100|[from] item: Leftovers
|upkeep
|turn|29
|
|move|p2a: Corviknight|Substitute|p2a: Corviknight
|-start|p2a: Corviknight|Substitute
|-damage|p2a: Corviknight|47/100
|move|p1a: Clefable|Moonblast|p2a: Corviknight
|-resisted|p2a: Corviknight
|-end|p2a: Corviknight|Substitute
|
|-heal|p2a: Corviknight|53/100|[from] item: Leftovers
|upkeep
|turn|30
|
|move|p2a: Corviknight|Substitute|p2a: Corviknight
|-start|p2a: Corviknight|Substitute
|-damage|p2a: Corviknight|28/100
|move|p1a: Clefable|Fire Blast|p2a: Corviknight
|-supereffective|p2a: Corviknight
|-end|p2a: Corviknight|Substitute
|
|-heal|p2a: Corviknight|34/100|[from] item: Leftovers
|upkeep
|turn|31
|
|move|p2a: Corviknight|Substitute|p2a: Corviknight
|-start|p2a: Corviknight|Substitute
|-damage|p2a: Corviknight|9/100
|move|p1a: Clefable|Moonblast|p2a: Corviknight
|-resisted|p2a: Corviknight
|-end|p2a: Corviknight|Substitute
|
|-heal|p2a: Corviknight|15/100|[from] item: Leftovers
|upkeep
|turn|32
|
|move|p2a: Corviknight|Brave Bird|p1a: Clefable
|-crit|p1a: Clefable
|-damage|p1a: Clefable|0 fnt
|-damage|p2a: Corviknight|0 fnt|[from] Recoil
|faint|p1a: Clefable
|faint|p2a: Corviknight
|
|upkeep
|
|switch|p2a: Hydreigon|Hydreigon, M|54/100
|switch|p1a: Aegislash|Aegislash, M|100/100
|turn|33
|
|move|p2a: Hydreigon|Dark Pulse|p1a: Aegislash
|-supereffective|p1a: Aegislash
|-damage|p1a: Aegislash|20/100
|-formechange|p1a: Aegislash|Aegislash-Blade||[from] ability: Stance Change
|move|p1a: Aegislash|Iron Head|p2a: Hydreigon
|-damage|p2a: Hydreigon|0 fnt
|-damage|p1a: Aegislash|10/100|[from] item: Life Orb
|faint|p2a: Hydreigon
|
|upkeep
|
|switch|p2a: Drapion|Drapion, M|52/100
|turn|34
|
|move|p2a: Drapion|Knock Off|p1a: Aegislash
|-supereffective|p1a: Aegislash
|-damage|p1a: Aegislash|0 fnt
|-enditem|p1a: Aegislash|Life Orb|[from] move: Knock Off|[of] p2a: Drapion
|faint|p1a: Aegislash
|
|upkeep
|
|switch|p1a: Dragapult|Dragapult, M|100/100
|turn|35
|
|move|p2a: Drapion|Knock Off|p1a: Dragapult
|-supereffective|p1a: Dragapult
|-damage|p1a: Dragapult|0 fnt
|-enditem|p1a: Dragapult|Life Orb|[from] move: Knock Off|[of] p2a: Drapion
|faint|p1a: Dragapult
|
|win|PrivateGirs
|l|☆Platinum Chanel
|raw|Platinum Chanel's rating: 1572 → 1547(-25 for losing)
|raw|PrivateGirs's rating: 1495 → 1520(+25 for winning)
