|ScrapeTime|2020-01-03-01:08:29
|j|☆Rylik
|j|☆fieox1337
|player|p1|Rylik|1|1741
|player|p2|fieox1337|2|1662
|teamsize|p1|6
|teamsize|p2|6
|gametype|singles
|gen|8
|tier|[Gen 8] OU
|rated|
|rule|Sleep Clause Mod: Limit one foe put to sleep
|rule|Species Clause: Limit one of each Pokémon
|rule|OHKO Clause: OHKO moves are banned
|rule|Evasion Moves Clause: Evasion moves are banned
|rule|Endless Battle Clause: Forcing endless battles is banned
|rule|HP Percentage Mod: HP is shown in percentages
|clearpoke
|poke|p1|Dracovish|
|poke|p1|Dugtrio, M|
|poke|p1|Crawdaunt, F|
|poke|p1|Aegislash, F|
|poke|p1|Clefable, F|
|poke|p1|Corviknight, F|
|poke|p2|Garbodor, M|
|poke|p2|Grimmsnarl, M|
|poke|p2|Toxtricity, M|
|poke|p2|Bisharp, F|
|poke|p2|Gengar, M|
|poke|p2|Hydreigon, F|
|rule|Dynamax Clause: You cannot dynamax
|teampreview
|
|start
|switch|p1a: Clefable|Clefable, F|100/100
|switch|p2a: Garbodor|Garbodor, M|100/100
|turn|1
|
|move|p2a: Garbodor|Spikes|p1a: Clefable
|-sidestart|p1: Rylik|Spikes
|move|p1a: Clefable|Stealth Rock|p2a: Garbodor
|-sidestart|p2: fieox1337|move: Stealth Rock
|
|upkeep
|turn|2
|
|switch|p2a: Bisharp|Bisharp, F|100/100
|-damage|p2a: Bisharp|95/100|[from] Stealth Rock
|move|p1a: Clefable|Wish|p1a: Clefable
|
|upkeep
|turn|3
|
|switch|p1a: Crawdaunt|Crawdaunt, F|100/100
|-damage|p1a: Crawdaunt|88/100|[from] Spikes
|move|p2a: Bisharp|Swords Dance|p2a: Bisharp
|-boost|p2a: Bisharp|atk|2
|
|-heal|p1a: Crawdaunt|100/100|[from] move: Wish|[wisher] Clefable
|upkeep
|turn|4
|
|move|p2a: Bisharp|Throat Chop|p1a: Crawdaunt
|-resisted|p1a: Crawdaunt
|-damage|p1a: Crawdaunt|26/100
|-start|p1a: Crawdaunt|Throat Chop|[silent]
|move|p1a: Crawdaunt|Crabhammer|p2a: Bisharp
|-damage|p2a: Bisharp|0 fnt
|-damage|p1a: Crawdaunt|16/100|[from] item: Life Orb
|faint|p2a: Bisharp
|
|upkeep
|
|switch|p2a: Gengar|Gengar, M|100/100
|-damage|p2a: Gengar|88/100|[from] Stealth Rock
|turn|5
|
|switch|p1a: Corviknight|Corviknight, F|100/100
|-ability|p1a: Corviknight|Pressure
|move|p2a: Gengar|Thunderbolt|p1a: Corviknight
|-supereffective|p1a: Corviknight
|-damage|p1a: Corviknight|49/100
|
|-heal|p1a: Corviknight|56/100|[from] item: Leftovers
|upkeep
|turn|6
|
|move|p2a: Gengar|Thunderbolt|p1a: Corviknight
|-supereffective|p1a: Corviknight
|-damage|p1a: Corviknight|4/100
|move|p1a: Corviknight|Roost|p1a: Corviknight
|-heal|p1a: Corviknight|54/100
|-singleturn|p1a: Corviknight|move: Roost
|
|-heal|p1a: Corviknight|60/100|[from] item: Leftovers
|upkeep
|turn|7
|
|move|p2a: Gengar|Thunderbolt|p1a: Corviknight
|-supereffective|p1a: Corviknight
|-damage|p1a: Corviknight|8/100
|move|p1a: Corviknight|Roost|p1a: Corviknight
|-heal|p1a: Corviknight|57/100
|-singleturn|p1a: Corviknight|move: Roost
|
|-heal|p1a: Corviknight|64/100|[from] item: Leftovers
|upkeep
|turn|8
|
|move|p2a: Gengar|Thunderbolt|p1a: Corviknight
|-supereffective|p1a: Corviknight
|-damage|p1a: Corviknight|5/100
|move|p1a: Corviknight|Roost|p1a: Corviknight
|-heal|p1a: Corviknight|55/100
|-singleturn|p1a: Corviknight|move: Roost
|
|-heal|p1a: Corviknight|61/100|[from] item: Leftovers
|upkeep
|turn|9
|
|switch|p1a: Clefable|Clefable, F|100/100
|move|p2a: Gengar|Thunderbolt|p1a: Clefable
|-damage|p1a: Clefable|73/100
|
|-heal|p1a: Clefable|79/100|[from] item: Leftovers
|upkeep
|turn|10
|
|switch|p2a: Grimmsnarl|Grimmsnarl, M|100/100
|-damage|p2a: Grimmsnarl|88/100|[from] Stealth Rock
|switch|p1a: Aegislash|Aegislash, F|100/100
|-damage|p1a: Aegislash|88/100|[from] Spikes
|
|upkeep
|turn|11
|
|move|p2a: Grimmsnarl|Light Screen|p2a: Grimmsnarl
|-sidestart|p2: fieox1337|move: Light Screen
|-formechange|p1a: Aegislash|Aegislash-Blade||[from] ability: Stance Change
|move|p1a: Aegislash|Iron Head|p2a: Grimmsnarl
|-supereffective|p2a: Grimmsnarl
|-damage|p2a: Grimmsnarl|0 fnt
|faint|p2a: Grimmsnarl
|
|upkeep
|
|switch|p2a: Toxtricity|Toxtricity, M|100/100
|-damage|p2a: Toxtricity|88/100|[from] Stealth Rock
|turn|12
|
|move|p2a: Toxtricity|Shift Gear|p2a: Toxtricity
|-boost|p2a: Toxtricity|spe|2
|-boost|p2a: Toxtricity|atk|1
|move|p1a: Aegislash|Iron Head|p2a: Toxtricity
|-resisted|p2a: Toxtricity
|-damage|p2a: Toxtricity|20/100
|
|upkeep
|turn|13
|
|switch|p1a: Clefable|Clefable, F|79/100
|move|p2a: Toxtricity|Overdrive|p1a: Clefable
|-damage|p1a: Clefable|43/100
|-enditem|p2a: Toxtricity|Throat Spray
|-boost|p2a: Toxtricity|spa|1
|
|-heal|p1a: Clefable|49/100|[from] item: Leftovers
|upkeep
|turn|14
|
|move|p2a: Toxtricity|Overdrive|p1a: Clefable
|-damage|p1a: Clefable|0 fnt
|faint|p1a: Clefable
|
|upkeep
|
|switch|p1a: Crawdaunt|Crawdaunt, F|16/100
|-damage|p1a: Crawdaunt|3/100|[from] Spikes
|turn|15
|
|switch|p2a: Hydreigon|Hydreigon, F|100/100
|-damage|p2a: Hydreigon|88/100|[from] Stealth Rock
|move|p1a: Crawdaunt|Aqua Jet|p2a: Hydreigon
|-resisted|p2a: Hydreigon
|-damage|p2a: Hydreigon|67/100
|-damage|p1a: Crawdaunt|0 fnt|[from] item: Life Orb
|faint|p1a: Crawdaunt
|
|-heal|p2a: Hydreigon|73/100|[from] item: Leftovers
|-sideend|p2: fieox1337|move: Light Screen
|upkeep
|
|switch|p1a: Corviknight|Corviknight, F|61/100
|-ability|p1a: Corviknight|Pressure
|turn|16
|
|move|p2a: Hydreigon|Dark Pulse|p1a: Corviknight
|-damage|p1a: Corviknight|31/100
|cant|p1a: Corviknight|flinch
|
|-heal|p2a: Hydreigon|79/100|[from] item: Leftovers
|-heal|p1a: Corviknight|37/100|[from] item: Leftovers
|upkeep
|turn|17
|
|move|p2a: Hydreigon|Dark Pulse|p1a: Corviknight
|-damage|p1a: Corviknight|5/100
|cant|p1a: Corviknight|flinch
|
|-heal|p2a: Hydreigon|85/100|[from] item: Leftovers
|-heal|p1a: Corviknight|12/100|[from] item: Leftovers
|upkeep
|turn|18
|
|move|p2a: Hydreigon|Dark Pulse|p1a: Corviknight
|-crit|p1a: Corviknight
|-damage|p1a: Corviknight|0 fnt
|faint|p1a: Corviknight
|
|-heal|p2a: Hydreigon|92/100|[from] item: Leftovers
|upkeep
|
|switch|p1a: Dracovish|Dracovish|100/100
|-damage|p1a: Dracovish|88/100|[from] Spikes
|turn|19
|c|☆fieox1337|man, I'm good at this game
|
|switch|p2a: Garbodor|Garbodor, M|100/100
|-damage|p2a: Garbodor|88/100|[from] Stealth Rock
|move|p1a: Dracovish|Outrage|p2a: Garbodor
|-damage|p2a: Garbodor|20/100
|-ability|p2a: Garbodor|Weak Armor|boost
|-unboost|p2a: Garbodor|def|1
|-boost|p2a: Garbodor|spe|2
|
|upkeep
|turn|20
|
|move|p2a: Garbodor|Explosion|p1a: Dracovish
|-damage|p1a: Dracovish|10/100
|faint|p2a: Garbodor
|move|p1a: Dracovish|Outrage|p2: Garbodor|[from]lockedmove|[notarget]
|-fail|p1a: Dracovish
|
|upkeep
|
|switch|p2a: Gengar|Gengar, M|88/100
|-damage|p2a: Gengar|76/100|[from] Stealth Rock
|turn|21
|
|move|p2a: Gengar|Shadow Ball|p1a: Dracovish
|-damage|p1a: Dracovish|0 fnt
|faint|p1a: Dracovish
|
|upkeep
|
|switch|p1a: Aegislash|Aegislash, F|88/100
|-damage|p1a: Aegislash|76/100|[from] Spikes
|turn|22
|
|switch|p2a: Toxtricity|Toxtricity, M|20/100
|-damage|p2a: Toxtricity|8/100|[from] Stealth Rock
|-formechange|p1a: Aegislash|Aegislash-Blade||[from] ability: Stance Change
|move|p1a: Aegislash|Shadow Sneak|p2a: Toxtricity
|-damage|p2a: Toxtricity|0 fnt
|faint|p2a: Toxtricity
|
|upkeep
|
|switch|p2a: Hydreigon|Hydreigon, F|92/100
|-damage|p2a: Hydreigon|79/100|[from] Stealth Rock
|turn|23
|
|move|p1a: Aegislash|Shadow Sneak|p2a: Hydreigon
|-resisted|p2a: Hydreigon
|-damage|p2a: Hydreigon|58/100
|move|p2a: Hydreigon|Dark Pulse|p1a: Aegislash
|-supereffective|p1a: Aegislash
|-damage|p1a: Aegislash|0 fnt
|faint|p1a: Aegislash
|
|-heal|p2a: Hydreigon|64/100|[from] item: Leftovers
|upkeep
|
|switch|p1a: Dugtrio|Dugtrio, M|100/100
|-damage|p1a: Dugtrio|88/100|[from] Spikes
|turn|24
|
|move|p1a: Dugtrio|Screech|p2a: Hydreigon
|-unboost|p2a: Hydreigon|def|2
|move|p2a: Hydreigon|Dark Pulse|p1a: Dugtrio
|-damage|p1a: Dugtrio|2/100
|
|-heal|p2a: Hydreigon|70/100|[from] item: Leftovers
|upkeep
|turn|25
|
|switch|p2a: Gengar|Gengar, M|76/100
|-damage|p2a: Gengar|64/100|[from] Stealth Rock
|move|p1a: Dugtrio|Reversal|p2a: Gengar
|-immune|p2a: Gengar
|
|upkeep
|turn|26
|
|move|p1a: Dugtrio|Sucker Punch|p2a: Gengar
|-supereffective|p2a: Gengar
|-damage|p2a: Gengar|0 fnt
|-start|p1a: Dugtrio|Disable|Sucker Punch|[from] ability: Cursed Body|[of] p2a: Gengar
|faint|p2a: Gengar
|
|upkeep
|
|switch|p2a: Hydreigon|Hydreigon, F|70/100
|-damage|p2a: Hydreigon|58/100|[from] Stealth Rock
|turn|27
|
|move|p1a: Dugtrio|Reversal|p2a: Hydreigon
|-supereffective|p2a: Hydreigon
|-damage|p2a: Hydreigon|0 fnt
|faint|p2a: Hydreigon
|
|win|Rylik
|l|☆fieox1337
|raw|Rylik's rating: 1741 → 1757(+16 for winning)
|raw|fieox1337's rating: 1662 → 1646(-16 for losing)
