|ScrapeTime|2020-01-01-06:15:26
|j|☆MOSK4
|j|☆A Surfing-Raichu
|player|p1|MOSK4|cynthia|1297
|player|p2|A Surfing-Raichu|drayden|1230
|teamsize|p1|6
|teamsize|p2|6
|gametype|singles
|gen|8
|tier|[Gen 8] OU
|rated|
|rule|Sleep Clause Mod: Limit one foe put to sleep
|rule|Species Clause: Limit one of each Pokémon
|rule|OHKO Clause: OHKO moves are banned
|rule|Evasion Moves Clause: Evasion moves are banned
|rule|Endless Battle Clause: Forcing endless battles is banned
|rule|HP Percentage Mod: HP is shown in percentages
|clearpoke
|poke|p1|Rotom-Wash|
|poke|p1|Sylveon, M|
|poke|p1|Toxapex, F|
|poke|p1|Corviknight, F|
|poke|p1|Dragapult, F|
|poke|p1|Excadrill, M|
|poke|p2|Weavile, F|
|poke|p2|Clefable, F|
|poke|p2|Galvantula, M|
|poke|p2|Dracovish|
|poke|p2|Hatterene, F|
|poke|p2|Bisharp, M|
|rule|Dynamax Clause: You cannot dynamax
|teampreview
|inactive|Battle timer is ON: inactive players will automatically lose when time's up. (requested by A Surfing-Raichu)
|
|start
|switch|p1a: Mendokusē|Dragapult, F, shiny|100/100
|switch|p2a: Weavile|Weavile, F|100/100
|-ability|p2a: Weavile|Pressure
|turn|1
|
|switch|p2a: Galvantula|Galvantula, M|100/100
|move|p1a: Mendokusē|Fire Blast|p2a: Galvantula
|-supereffective|p2a: Galvantula
|-enditem|p2a: Galvantula|Focus Sash
|-damage|p2a: Galvantula|1/100
|
|upkeep
|turn|2
|
|switch|p2a: Dracovish|Dracovish|100/100
|move|p1a: Mendokusē|Fire Blast|p2a: Dracovish
|-resisted|p2a: Dracovish
|-damage|p2a: Dracovish|85/100
|
|upkeep
|turn|3
|inactive|MOSK4 has 120 seconds left.
|
|switch|p1a: WASHN|Rotom-Wash, shiny|100/100
|move|p2a: Dracovish|Substitute|p2a: Dracovish
|-start|p2a: Dracovish|Substitute
|-damage|p2a: Dracovish|60/100
|
|upkeep
|turn|4
|
|move|p1a: WASHN|Volt Switch|p2a: Dracovish
|-end|p2a: Dracovish|Substitute
|
|switch|p1a: Tox|Toxapex, F, shiny|100/100|[from]move: Volt Switch
|move|p2a: Dracovish|Fishious Rend|p1a: Tox
|-resisted|p1a: Tox
|-damage|p1a: Tox|72/100
|
|-heal|p1a: Tox|78/100|[from] item: Black Sludge
|upkeep
|turn|5
|inactive|MOSK4 has 90 seconds left.
|
|move|p2a: Dracovish|Substitute|p2a: Dracovish
|-start|p2a: Dracovish|Substitute
|-damage|p2a: Dracovish|35/100
|move|p1a: Tox|Toxic||[still]
|-fail|p1a: Tox
|
|-heal|p1a: Tox|84/100|[from] item: Black Sludge
|upkeep
|turn|6
|
|switch|p1a: WASHN|Rotom-Wash, shiny|100/100
|move|p2a: Dracovish|Psychic Fangs|p1a: WASHN
|-damage|p1a: WASHN|64/100
|
|upkeep
|turn|7
|
|move|p1a: WASHN|Volt Switch|p2a: Dracovish
|-end|p2a: Dracovish|Substitute
|
|switch|p1a: Knight|Corviknight, F, shiny|100/100|[from]move: Volt Switch
|-ability|p1a: Knight|Pressure
|move|p2a: Dracovish|Substitute|p2a: Dracovish
|-start|p2a: Dracovish|Substitute
|-damage|p2a: Dracovish|10/100
|-enditem|p2a: Dracovish|Salac Berry|[eat]
|-boost|p2a: Dracovish|spe|1
|
|upkeep
|turn|8
|
|switch|p1a: Neon|Sylveon, M, shiny|100/100
|move|p2a: Dracovish|Fishious Rend|p1a: Neon
|-damage|p1a: Neon|8/100
|
|-heal|p1a: Neon|14/100|[from] item: Leftovers
|upkeep
|turn|9
|
|move|p2a: Dracovish|Fishious Rend|p1a: Neon
|-damage|p1a: Neon|0 fnt
|faint|p1a: Neon
|
|upkeep
|inactive|MOSK4 has 90 seconds left.
|
|switch|p1a: Mendokusē|Dragapult, F, shiny|100/100
|turn|10
|
|move|p1a: Mendokusē|Shadow Ball|p2a: Dracovish
|-damage|p2a: Dracovish|0 fnt
|faint|p2a: Dracovish
|
|upkeep
|
|switch|p2a: Weavile|Weavile, F|100/100
|-ability|p2a: Weavile|Pressure
|turn|11
|inactive|MOSK4 has 90 seconds left.
|
|switch|p1a: Tox|Toxapex, F, shiny|100/100
|move|p2a: Weavile|Swords Dance|p2a: Weavile
|-boost|p2a: Weavile|atk|2
|
|upkeep
|turn|12
|inactive|MOSK4 has 90 seconds left.
|
|move|p2a: Weavile|Beat Up|p1a: Tox
|-damage|p1a: Tox|91/100
|-damage|p1a: Tox|83/100
|-damage|p1a: Tox|76/100
|-damage|p1a: Tox|67/100
|-damage|p1a: Tox|56/100
|-hitcount|p1a: Tox|5
|move|p1a: Tox|Toxic|p2a: Weavile
|-status|p2a: Weavile|tox
|
|-heal|p1a: Tox|63/100|[from] item: Black Sludge
|-damage|p2a: Weavile|94/100 tox|[from] psn
|upkeep
|turn|13
|inactive|MOSK4 has 60 seconds left.
|
|move|p2a: Weavile|Beat Up|p1a: Tox
|-damage|p1a: Tox|52/100
|-damage|p1a: Tox|44/100
|-damage|p1a: Tox|37/100
|-damage|p1a: Tox|28/100
|-damage|p1a: Tox|17/100
|-hitcount|p1a: Tox|5
|move|p1a: Tox|Scald|p2a: Weavile
|-damage|p2a: Weavile|72/100 tox
|
|-heal|p1a: Tox|23/100|[from] item: Black Sludge
|-damage|p2a: Weavile|60/100 tox|[from] psn
|upkeep
|turn|14
|inactive|MOSK4 has 30 seconds left.
|
|switch|p1a: WASHN|Rotom-Wash, shiny|64/100
|move|p2a: Weavile|Beat Up|p1a: WASHN
|-damage|p1a: WASHN|45/100
|-damage|p1a: WASHN|31/100
|-damage|p1a: WASHN|17/100
|-damage|p1a: WASHN|3/100
|-damage|p1a: WASHN|0 fnt
|-hitcount|p1a: WASHN|5
|faint|p1a: WASHN
|
|-damage|p2a: Weavile|42/100 tox|[from] psn
|upkeep
|inactive|MOSK4 has 30 seconds left.
|inactive|MOSK4 has 20 seconds left.
|
|switch|p1a: Tox|Toxapex, F, shiny|56/100
|turn|15
|inactive|MOSK4 has 30 seconds left this turn.
|inactive|A Surfing-Raichu has 120 seconds left.
|
|move|p2a: Weavile|Beat Up|p1a: Tox
|-damage|p1a: Tox|46/100
|-damage|p1a: Tox|38/100
|-damage|p1a: Tox|30/100
|-damage|p1a: Tox|21/100
|-damage|p1a: Tox|11/100
|-hitcount|p1a: Tox|5
|move|p1a: Tox|Recover|p1a: Tox
|-heal|p1a: Tox|61/100
|
|-heal|p1a: Tox|67/100|[from] item: Black Sludge
|-damage|p2a: Weavile|18/100 tox|[from] psn
|upkeep
|turn|16
|inactive|MOSK4 has 30 seconds left.
|
|move|p2a: Weavile|Beat Up|p1a: Tox
|-damage|p1a: Tox|57/100
|-damage|p1a: Tox|49/100
|-damage|p1a: Tox|42/100
|-damage|p1a: Tox|34/100
|-damage|p1a: Tox|24/100
|-hitcount|p1a: Tox|5
|move|p1a: Tox|Recover|p1a: Tox
|-heal|p1a: Tox|74/100
|
|-heal|p1a: Tox|80/100|[from] item: Black Sludge
|-damage|p2a: Weavile|0 fnt|[from] psn
|faint|p2a: Weavile
|upkeep
|inactive|MOSK4 has 30 seconds left this turn.
|inactive|A Surfing-Raichu has 120 seconds left.
|
|switch|p2a: Galvantula|Galvantula, M|1/100
|turn|17
|inactive|MOSK4 has 30 seconds left.
|inactive|MOSK4 has 20 seconds left.
|inactive|MOSK4 has 15 seconds left.
|inactive|MOSK4 has 10 seconds left.
|
|move|p2a: Galvantula|Sticky Web|p1a: Tox
|-sidestart|p1: MOSK4|move: Sticky Web
|move|p1a: Tox|Recover|p1a: Tox
|-heal|p1a: Tox|100/100
|
|upkeep
|turn|18
|inactive|MOSK4 has 20 seconds left this turn.
|inactive|MOSK4 has 15 seconds left.
|inactive|MOSK4 has 10 seconds left.
|inactive|A Surfing-Raichu has 120 seconds left.
|
|move|p2a: Galvantula|Thunder Wave|p1a: Tox
|-status|p1a: Tox|par
|cant|p1a: Tox|par
|
|upkeep
|turn|19
|inactive|MOSK4 has 20 seconds left this turn.
|
|move|p2a: Galvantula|Volt Switch|p1a: Tox
|-supereffective|p1a: Tox
|-damage|p1a: Tox|53/100 par
|inactive|MOSK4 has 25 seconds left this turn.
|
|switch|p2a: Bisharp|Bisharp, M|100/100|[from]move: Volt Switch
|move|p1a: Tox|Scald|p2a: Bisharp
|-crit|p2a: Bisharp
|-damage|p2a: Bisharp|64/100
|-status|p2a: Bisharp|brn
|
|-heal|p1a: Tox|59/100 par|[from] item: Black Sludge
|-damage|p2a: Bisharp|58/100 brn|[from] brn
|upkeep
|turn|20
|inactive|MOSK4 has 30 seconds left.
|
|move|p2a: Bisharp|Swords Dance|p2a: Bisharp
|-boost|p2a: Bisharp|atk|2
|move|p1a: Tox|Scald|p2a: Bisharp
|-damage|p2a: Bisharp|33/100 brn
|
|-heal|p1a: Tox|66/100 par|[from] item: Black Sludge
|-damage|p2a: Bisharp|27/100 brn|[from] brn
|upkeep
|turn|21
|inactive|MOSK4 has 30 seconds left.
|
|move|p2a: Bisharp|Swords Dance|p2a: Bisharp
|-boost|p2a: Bisharp|atk|2
|move|p1a: Tox|Haze|p1a: Tox
|-clearallboost
|
|-heal|p1a: Tox|72/100 par|[from] item: Black Sludge
|-damage|p2a: Bisharp|22/100 brn|[from] brn
|upkeep
|turn|22
|inactive|MOSK4 has 30 seconds left.
|
|move|p2a: Bisharp|Iron Head|p1a: Tox
|-resisted|p1a: Tox
|-damage|p1a: Tox|65/100 par
|cant|p1a: Tox|flinch
|
|-heal|p1a: Tox|71/100 par|[from] item: Black Sludge
|-damage|p2a: Bisharp|16/100 brn|[from] brn
|upkeep
|turn|23
|
|move|p2a: Bisharp|Throat Chop|p1a: Tox
|-damage|p1a: Tox|58/100 par
|-start|p1a: Tox|Throat Chop|[silent]
|cant|p1a: Tox|par
|
|-heal|p1a: Tox|65/100 par|[from] item: Black Sludge
|-damage|p2a: Bisharp|10/100 brn|[from] brn
|upkeep
|turn|24
|
|move|p2a: Bisharp|Iron Head|p1a: Tox
|-resisted|p1a: Tox
|-damage|p1a: Tox|58/100 par
|move|p1a: Tox|Scald|p2a: Bisharp
|-damage|p2a: Bisharp|0 fnt
|faint|p2a: Bisharp
|
|-heal|p1a: Tox|65/100 par|[from] item: Black Sludge
|-end|p1a: Tox|Throat Chop|[silent]
|upkeep
|
|switch|p2a: Galvantula|Galvantula, M|1/100
|turn|25
|
|move|p2a: Galvantula|Volt Switch|p1a: Tox
|-supereffective|p1a: Tox
|-damage|p1a: Tox|13/100 par
|
|switch|p2a: Hatterene|Hatterene, F|100/100|[from]move: Volt Switch
|move|p1a: Tox|Scald|p2a: Hatterene
|-damage|p2a: Hatterene|85/100
|
|-heal|p1a: Tox|20/100 par|[from] item: Black Sludge
|upkeep
|turn|26
|inactive|MOSK4 has 60 seconds left.
|
|switch|p1a: Excadrill|Excadrill, M|100/100
|-activate|p1a: Excadrill|move: Sticky Web
|-unboost|p1a: Excadrill|spe|1
|-ability|p1a: Excadrill|Mold Breaker
|move|p2a: Hatterene|Psyshock|p1a: Excadrill
|-resisted|p1a: Excadrill
|-damage|p1a: Excadrill|69/100
|
|-heal|p1a: Excadrill|75/100|[from] item: Leftovers
|upkeep
|turn|27
|inactive|MOSK4 has 60 seconds left.
|
|switch|p2a: Galvantula|Galvantula, M|1/100
|move|p1a: Excadrill|Iron Head|p2a: Galvantula
|-resisted|p2a: Galvantula
|-damage|p2a: Galvantula|0 fnt
|faint|p2a: Galvantula
|
|-heal|p1a: Excadrill|81/100|[from] item: Leftovers
|upkeep
|
|switch|p2a: Clefable|Clefable, F|100/100
|turn|28
|
|move|p2a: Clefable|Fire Blast|p1a: Excadrill
|-supereffective|p1a: Excadrill
|-damage|p1a: Excadrill|0 fnt
|faint|p1a: Excadrill
|
|upkeep
|
|switch|p1a: Knight|Corviknight, F, shiny|100/100
|-ability|p1a: Knight|Pressure
|turn|29
|
|move|p2a: Clefable|Fire Blast|p1a: Knight
|-supereffective|p1a: Knight
|-damage|p1a: Knight|37/100
|move|p1a: Knight|Bulk Up|p1a: Knight
|-boost|p1a: Knight|atk|1
|-boost|p1a: Knight|def|1
|
|-heal|p1a: Knight|43/100|[from] item: Leftovers
|upkeep
|turn|30
|
|move|p2a: Clefable|Fire Blast|p1a: Knight
|-supereffective|p1a: Knight
|-damage|p1a: Knight|0 fnt
|faint|p1a: Knight
|
|upkeep
|
|switch|p1a: Mendokusē|Dragapult, F, shiny|100/100
|-activate|p1a: Mendokusē|move: Sticky Web
|-unboost|p1a: Mendokusē|spe|1
|turn|31
|
|move|p1a: Mendokusē|Shadow Ball|p2a: Clefable
|-damage|p2a: Clefable|42/100
|move|p2a: Clefable|Moonblast|p1a: Mendokusē
|-supereffective|p1a: Mendokusē
|-damage|p1a: Mendokusē|0 fnt
|faint|p1a: Mendokusē
|
|upkeep
|
|switch|p1a: Tox|Toxapex, F, shiny|53/100 par
|-activate|p1a: Tox|move: Sticky Web
|-unboost|p1a: Tox|spe|1
|turn|32
|
|move|p2a: Clefable|Wish|p2a: Clefable
|move|p1a: Tox|Scald|p2a: Clefable
|-damage|p2a: Clefable|26/100
|
|-heal|p1a: Tox|59/100 par|[from] item: Black Sludge
|upkeep
|turn|33
|
|switch|p2a: Hatterene|Hatterene, F|85/100
|move|p1a: Tox|Scald|p2a: Hatterene
|-damage|p2a: Hatterene|69/100
|
|-heal|p2a: Hatterene|100/100|[from] move: Wish|[wisher] Clefable
|-heal|p1a: Tox|65/100 par|[from] item: Black Sludge
|upkeep
|turn|34
|
|move|p2a: Hatterene|Psyshock|p1a: Tox
|-supereffective|p1a: Tox
|-damage|p1a: Tox|11/100 par
|move|p1a: Tox|Scald|p2a: Hatterene
|-damage|p2a: Hatterene|84/100
|
|-heal|p1a: Tox|18/100 par|[from] item: Black Sludge
|upkeep
|turn|35
|inactive|MOSK4 has 60 seconds left.
|inactive|MOSK4 has 30 seconds left.
|
|move|p2a: Hatterene|Psyshock|p1a: Tox
|-supereffective|p1a: Tox
|-damage|p1a: Tox|0 fnt
|faint|p1a: Tox
|
|win|A Surfing-Raichu
|inactive|MOSK4 has 30 seconds left this turn.
|raw|MOSK4's rating: 1297 → 1267(-30 for losing)
|raw|A Surfing-Raichu's rating: 1230 → 1260(+30 for winning)
