|ScrapeTime|2020-01-01-19:45:11
|j|☆McKrim
|j|☆hiiroG
|player|p1|McKrim|1|1317
|player|p2|hiiroG|alder|1288
|teamsize|p1|6
|teamsize|p2|6
|gametype|singles
|gen|8
|tier|[Gen 8] OU
|rated|
|rule|Sleep Clause Mod: Limit one foe put to sleep
|rule|Species Clause: Limit one of each Pokémon
|rule|OHKO Clause: OHKO moves are banned
|rule|Evasion Moves Clause: Evasion moves are banned
|rule|Endless Battle Clause: Forcing endless battles is banned
|rule|HP Percentage Mod: HP is shown in percentages
|clearpoke
|poke|p1|Excadrill, M|
|poke|p1|Dragapult, M|
|poke|p1|Toxtricity, F|
|poke|p1|Bisharp, M|
|poke|p1|Obstagoon, M|
|poke|p1|Haxorus, F|
|poke|p2|Torkoal, F|
|poke|p2|Vileplume, F|
|poke|p2|Shiftry, F|
|poke|p2|Arcanine, F|
|poke|p2|Seismitoad, M|
|poke|p2|Cinderace, F|
|rule|Dynamax Clause: You cannot dynamax
|teampreview
|inactive|Battle timer is ON: inactive players will automatically lose when time's up. (requested by hiiroG)
|
|start
|switch|p1a: Bisharp|Bisharp, M|100/100
|switch|p2a: Torkoal|Torkoal, F|100/100
|-weather|SunnyDay|[from] ability: Drought|[of] p2a: Torkoal
|turn|1
|
|move|p1a: Bisharp|Throat Chop|p2a: Torkoal
|-damage|p2a: Torkoal|68/100
|-start|p2a: Torkoal|Throat Chop|[silent]
|-damage|p1a: Bisharp|91/100|[from] item: Life Orb
|move|p2a: Torkoal|Lava Plume|p1a: Bisharp
|-supereffective|p1a: Bisharp
|-damage|p1a: Bisharp|0 fnt
|faint|p1a: Bisharp
|
|-weather|SunnyDay|[upkeep]
|upkeep
|
|switch|p1a: Excadrill|Excadrill, M|100/100
|-ability|p1a: Excadrill|Mold Breaker
|turn|2
|
|move|p1a: Excadrill|Stealth Rock|p2a: Torkoal
|-sidestart|p2: hiiroG|move: Stealth Rock
|move|p2a: Torkoal|Lava Plume|p1a: Excadrill
|-supereffective|p1a: Excadrill
|-damage|p1a: Excadrill|2/100
|
|-weather|SunnyDay|[upkeep]
|-end|p2a: Torkoal|Throat Chop|[silent]
|upkeep
|turn|3
|
|move|p1a: Excadrill|Earthquake|p2a: Torkoal
|-supereffective|p2a: Torkoal
|-damage|p2a: Torkoal|4/100
|move|p2a: Torkoal|Rapid Spin|p1a: Excadrill
|-resisted|p1a: Excadrill
|-damage|p1a: Excadrill|0 fnt
|-sideend|p2: hiiroG|Stealth Rock|[from] move: Rapid Spin|[of] p2a: Torkoal
|-boost|p2a: Torkoal|spe|1
|faint|p1a: Excadrill
|
|-weather|SunnyDay|[upkeep]
|upkeep
|
|switch|p1a: Obstagoon|Obstagoon, M|100/100
|turn|4
|
|switch|p2a: Arcanine|Arcanine, F|100/100
|-ability|p2a: Arcanine|Intimidate|boost
|-unboost|p1a: Obstagoon|atk|1
|move|p1a: Obstagoon|Knock Off|p2a: Arcanine
|-damage|p2a: Arcanine|64/100
|-enditem|p2a: Arcanine|Expert Belt|[from] move: Knock Off|[of] p1a: Obstagoon
|
|-weather|SunnyDay|[upkeep]
|-status|p1a: Obstagoon|brn|[from] item: Flame Orb
|upkeep
|turn|5
|
|switch|p1a: Dragapult|Dragapult, M|100/100
|move|p2a: Arcanine|Close Combat|p1a: Dragapult
|-immune|p1a: Dragapult
|
|-weather|SunnyDay|[upkeep]
|upkeep
|turn|6
|
|switch|p2a: Seismitoad|Seismitoad, M|100/100
|move|p1a: Dragapult|Shadow Ball|p2a: Seismitoad
|-crit|p2a: Seismitoad
|-damage|p2a: Seismitoad|34/100
|-damage|p1a: Dragapult|91/100|[from] item: Life Orb
|
|-weather|SunnyDay|[upkeep]
|-heal|p2a: Seismitoad|40/100|[from] item: Leftovers
|upkeep
|turn|7
|
|move|p2a: Seismitoad|Protect|p2a: Seismitoad
|-singleturn|p2a: Seismitoad|Protect
|move|p1a: Dragapult|U-turn|p2a: Seismitoad
|-activate|p2a: Seismitoad|move: Protect
|
|-weather|SunnyDay|[upkeep]
|-heal|p2a: Seismitoad|46/100|[from] item: Leftovers
|upkeep
|turn|8
|
|move|p1a: Dragapult|Draco Meteor|p2a: Seismitoad|[miss]
|-miss|p1a: Dragapult|p2a: Seismitoad
|move|p2a: Seismitoad|Earth Power|p1a: Dragapult
|-damage|p1a: Dragapult|51/100
|
|-weather|none
|-heal|p2a: Seismitoad|52/100|[from] item: Leftovers
|upkeep
|turn|9
|
|switch|p1a: Obstagoon|Obstagoon, M|100/100 brn
|move|p2a: Seismitoad|Protect||[still]
|-fail|p2a: Seismitoad
|
|-heal|p2a: Seismitoad|58/100|[from] item: Leftovers
|-damage|p1a: Obstagoon|94/100 brn|[from] brn
|upkeep
|turn|10
|
|move|p1a: Obstagoon|Facade|p2a: Seismitoad
|-damage|p2a: Seismitoad|0 fnt
|faint|p2a: Seismitoad
|
|-damage|p1a: Obstagoon|88/100 brn|[from] brn
|upkeep
|
|switch|p2a: Torkoal|Torkoal, F|4/100
|-weather|SunnyDay|[from] ability: Drought|[of] p2a: Torkoal
|turn|11
|
|switch|p2a: Arcanine|Arcanine, F|64/100
|-ability|p2a: Arcanine|Intimidate|boost
|-unboost|p1a: Obstagoon|atk|1
|move|p1a: Obstagoon|Obstruct||[still]
|-fail|p1a: Obstagoon
|
|-weather|SunnyDay|[upkeep]
|-damage|p1a: Obstagoon|82/100 brn|[from] brn
|upkeep
|turn|12
|
|move|p1a: Obstagoon|Obstruct|p1a: Obstagoon
|-singleturn|p1a: Obstagoon|Protect
|move|p2a: Arcanine|Flare Blitz|p1a: Obstagoon
|-activate|p1a: Obstagoon|move: Protect
|-unboost|p2a: Arcanine|def|2
|
|-weather|SunnyDay|[upkeep]
|-damage|p1a: Obstagoon|76/100 brn|[from] brn
|upkeep
|turn|13
|
|switch|p1a: Dragapult|Dragapult, M|51/100
|move|p2a: Arcanine|Flare Blitz|p1a: Dragapult
|-resisted|p1a: Dragapult
|-damage|p1a: Dragapult|0 fnt
|-damage|p2a: Arcanine|48/100|[from] Recoil
|faint|p1a: Dragapult
|
|-weather|SunnyDay|[upkeep]
|upkeep
|
|switch|p1a: Haxorus|Haxorus, F|100/100
|-ability|p1a: Haxorus|Mold Breaker
|turn|14
|
|move|p1a: Haxorus|Outrage|p2a: Arcanine
|-damage|p2a: Arcanine|0 fnt
|faint|p2a: Arcanine
|
|-weather|SunnyDay|[upkeep]
|upkeep
|
|switch|p2a: Vileplume|Vileplume, F|100/100
|turn|15
|
|move|p1a: Haxorus|Outrage|p2a: Vileplume|[from]lockedmove
|-damage|p2a: Vileplume|0 fnt
|faint|p2a: Vileplume
|
|-weather|SunnyDay|[upkeep]
|upkeep
|
|switch|p2a: Cinderace|Cinderace, F|100/100
|turn|16
|
|move|p1a: Haxorus|Outrage|p2a: Cinderace|[from]lockedmove
|-damage|p2a: Cinderace|1/100
|-start|p1a: Haxorus|confusion|[fatigue]
|move|p2a: Cinderace|Pyro Ball|p1a: Haxorus
|-resisted|p1a: Haxorus
|-damage|p1a: Haxorus|13/100
|
|-weather|SunnyDay|[upkeep]
|upkeep
|turn|17
|
|switch|p1a: Obstagoon|Obstagoon, M|76/100 brn
|move|p2a: Cinderace|U-turn|p1a: Obstagoon
|-supereffective|p1a: Obstagoon
|-damage|p1a: Obstagoon|31/100 brn
|
|switch|p2a: Shiftry|Shiftry, F|100/100|[from]move: U-turn
|
|-weather|SunnyDay|[upkeep]
|-damage|p1a: Obstagoon|25/100 brn|[from] brn
|upkeep
|turn|18
|
|move|p2a: Shiftry|Solar Blade||[still]
|-prepare|p2a: Shiftry|Solar Blade|p1a: Obstagoon
|-anim|p2a: Shiftry|Solar Blade|p1a: Obstagoon
|-damage|p1a: Obstagoon|0 fnt
|-damage|p2a: Shiftry|91/100|[from] item: Life Orb
|faint|p1a: Obstagoon
|
|-weather|none
|upkeep
|
|switch|p1a: Haxorus|Haxorus, F|13/100
|-ability|p1a: Haxorus|Mold Breaker
|turn|19
|
|switch|p2a: Torkoal|Torkoal, F|4/100
|-weather|SunnyDay|[from] ability: Drought|[of] p2a: Torkoal
|move|p1a: Haxorus|Outrage|p2a: Torkoal
|-damage|p2a: Torkoal|0 fnt
|faint|p2a: Torkoal
|
|-weather|SunnyDay|[upkeep]
|upkeep
|
|switch|p2a: Shiftry|Shiftry, F|91/100
|turn|20
|
|move|p2a: Shiftry|Throat Chop|p1a: Haxorus
|-damage|p1a: Haxorus|0 fnt
|-damage|p2a: Shiftry|81/100|[from] item: Life Orb
|faint|p1a: Haxorus
|
|-weather|SunnyDay|[upkeep]
|upkeep
|
|switch|p1a: Toxtricity|Toxtricity, F|100/100
|turn|21
|
|move|p2a: Shiftry|Throat Chop|p1a: Toxtricity
|-damage|p1a: Toxtricity|44/100
|-start|p1a: Toxtricity|Throat Chop|[silent]
|-damage|p2a: Shiftry|71/100|[from] item: Life Orb
|cant|p1a: Toxtricity|move: Throat Chop
|
|-weather|SunnyDay|[upkeep]
|upkeep
|turn|22
|
|move|p2a: Shiftry|Throat Chop|p1a: Toxtricity
|-damage|p1a: Toxtricity|0 fnt
|-damage|p2a: Shiftry|61/100|[from] item: Life Orb
|faint|p1a: Toxtricity
|
|win|hiiroG
|l|☆McKrim
|c|☆hiiroG|gg
|raw|McKrim's rating: 1317 → 1294(-23 for losing)
|raw|hiiroG's rating: 1262 → 1291(+29 for winning)
