|ScrapeTime|2020-01-03-01:41:10
|j|☆yhernandez
|j|☆elwey pokemon
|player|p1|yhernandez|giovanni|1000
|player|p2|elwey pokemon|red|1051
|teamsize|p1|6
|teamsize|p2|6
|gametype|singles
|gen|8
|tier|[Gen 8] OU
|rated|
|rule|Sleep Clause Mod: Limit one foe put to sleep
|rule|Species Clause: Limit one of each Pokémon
|rule|OHKO Clause: OHKO moves are banned
|rule|Evasion Moves Clause: Evasion moves are banned
|rule|Endless Battle Clause: Forcing endless battles is banned
|rule|HP Percentage Mod: HP is shown in percentages
|clearpoke
|poke|p1|Dracovish|
|poke|p1|Ferrothorn, M|
|poke|p1|Rotom-Wash|
|poke|p1|Conkeldurr, F|
|poke|p1|Dragapult, M|
|poke|p1|Sylveon, F|
|poke|p2|Perrserker, F|
|poke|p2|Ribombee, M|
|poke|p2|Haxorus, M|
|poke|p2|Dragapult, F|
|poke|p2|Ferrothorn, M|
|poke|p2|Bisharp, M|
|rule|Dynamax Clause: You cannot dynamax
|teampreview
|inactive|Battle timer is ON: inactive players will automatically lose when time's up. (requested by elwey pokemon)
|
|start
|switch|p1a: Dracovish|Dracovish|100/100
|switch|p2a: Ribombee|Ribombee, M|100/100
|turn|1
|
|move|p2a: Ribombee|Sticky Web|p1a: Dracovish
|-sidestart|p1: yhernandez|move: Sticky Web
|move|p1a: Dracovish|Fishious Rend|p2a: Ribombee
|-enditem|p2a: Ribombee|Focus Sash
|-damage|p2a: Ribombee|1/100
|
|upkeep
|turn|2
|
|move|p2a: Ribombee|Moonblast|p1a: Dracovish
|-supereffective|p1a: Dracovish
|-damage|p1a: Dracovish|12/100
|move|p1a: Dracovish|Fishious Rend|p2a: Ribombee
|-damage|p2a: Ribombee|0 fnt
|faint|p2a: Ribombee
|
|upkeep
|
|switch|p2a: Dragapult|Dragapult, F|100/100
|turn|3
|
|move|p2a: Dragapult|Scald|p1a: Dracovish
|-resisted|p1a: Dracovish
|-damage|p1a: Dracovish|4/100
|-status|p1a: Dracovish|brn
|-damage|p2a: Dragapult|91/100|[from] item: Life Orb
|move|p1a: Dracovish|Fishious Rend|p2a: Dragapult
|-resisted|p2a: Dragapult
|-damage|p2a: Dragapult|64/100
|
|-damage|p1a: Dracovish|0 fnt|[from] brn
|faint|p1a: Dracovish
|upkeep
|
|switch|p1a: Dragapult|Dragapult, M|100/100
|-activate|p1a: Dragapult|move: Sticky Web
|-fail|p1a: Dragapult|unboost|[from] ability: Clear Body|[of] p1a: Dragapult
|turn|4
|
|switch|p2a: Bisharp|Bisharp, M|100/100
|switch|p1a: Rotom|Rotom-Wash|100/100
|
|upkeep
|turn|5
|
|move|p2a: Bisharp|Sucker Punch||[still]
|-fail|p2a: Bisharp
|move|p1a: Rotom|Will-O-Wisp|p2a: Bisharp
|-status|p2a: Bisharp|brn
|
|-damage|p2a: Bisharp|95/100 brn|[from] brn
|upkeep
|turn|6
|
|switch|p1a: Conkeldurr|Conkeldurr, F|100/100
|-activate|p1a: Conkeldurr|move: Sticky Web
|-unboost|p1a: Conkeldurr|spe|1
|move|p2a: Bisharp|Swords Dance|p2a: Bisharp
|-boost|p2a: Bisharp|atk|2
|
|-damage|p2a: Bisharp|89/100 brn|[from] brn
|upkeep
|turn|7
|
|move|p1a: Conkeldurr|Mach Punch|p2a: Bisharp
|-supereffective|p2a: Bisharp
|-damage|p2a: Bisharp|0 fnt
|faint|p2a: Bisharp
|
|upkeep
|
|switch|p2a: Dragapult|Dragapult, F|64/100
|turn|8
|
|move|p2a: Dragapult|Dragon Pulse|p1a: Conkeldurr
|-damage|p1a: Conkeldurr|66/100
|-damage|p2a: Dragapult|54/100|[from] item: Life Orb
|move|p1a: Conkeldurr|Ice Punch|p2a: Dragapult
|-supereffective|p2a: Dragapult
|-damage|p2a: Dragapult|0 fnt
|faint|p2a: Dragapult
|
|upkeep
|
|switch|p2a: Haxorus|Haxorus, M, shiny|100/100
|turn|9
|
|move|p2a: Haxorus|Dragon Dance|p2a: Haxorus
|-boost|p2a: Haxorus|atk|1
|-boost|p2a: Haxorus|spe|1
|move|p1a: Conkeldurr|Ice Punch|p2a: Haxorus
|-supereffective|p2a: Haxorus
|-damage|p2a: Haxorus|8/100
|
|upkeep
|turn|10
|
|move|p1a: Conkeldurr|Mach Punch|p2a: Haxorus
|-damage|p2a: Haxorus|0 fnt
|faint|p2a: Haxorus
|
|upkeep
|-message|elwey pokemon forfeited.
|
|win|yhernandez
|l|☆elwey pokemon
