|ScrapeTime|2020-01-02-04:05:36
|j|☆realmoses
|j|☆Toxapex is BROKEN!
|player|p1|realmoses|brock|1453
|player|p2|Toxapex is BROKEN!|183|1535
|teamsize|p1|6
|teamsize|p2|6
|gametype|singles
|gen|8
|tier|[Gen 8] OU
|rated|
|rule|Sleep Clause Mod: Limit one foe put to sleep
|rule|Species Clause: Limit one of each Pokémon
|rule|OHKO Clause: OHKO moves are banned
|rule|Evasion Moves Clause: Evasion moves are banned
|rule|Endless Battle Clause: Forcing endless battles is banned
|rule|HP Percentage Mod: HP is shown in percentages
|clearpoke
|poke|p1|Quagsire, F|
|poke|p1|Aegislash, M|
|poke|p1|Bewear, M|
|poke|p1|Lapras, F|
|poke|p1|Togekiss, M|
|poke|p1|Stonjourner, M|
|poke|p2|Dracovish|
|poke|p2|Rotom-Heat|
|poke|p2|Excadrill, M|
|poke|p2|Whimsicott, M|
|poke|p2|Noivern, F|
|poke|p2|Crawdaunt, M|
|rule|Dynamax Clause: You cannot dynamax
|teampreview
|
|start
|switch|p1a: Stonjourner|Stonjourner, M|100/100
|switch|p2a: Whimsicott|Whimsicott, M|100/100
|turn|1
|
|move|p2a: Whimsicott|Giga Drain|p1a: Stonjourner
|-supereffective|p1a: Stonjourner
|-enditem|p1a: Stonjourner|Focus Sash
|-damage|p1a: Stonjourner|1/100
|move|p1a: Stonjourner|Heavy Slam|p2a: Whimsicott
|-supereffective|p2a: Whimsicott
|-damage|p2a: Whimsicott|0 fnt
|faint|p2a: Whimsicott
|
|upkeep
|inactive|Battle timer is ON: inactive players will automatically lose when time's up. (requested by Toxapex is BROKEN!)
|
|switch|p2a: Noivern|Noivern, F|100/100
|turn|2
|
|move|p2a: Noivern|U-turn|p1a: Stonjourner
|-damage|p1a: Stonjourner|0 fnt
|faint|p1a: Stonjourner
|
|switch|p2a: Excadrill|Excadrill, M|100/100|[from]move: U-turn
|-ability|p2a: Excadrill|Mold Breaker
|
|upkeep
|
|switch|p1a: Bewear|Bewear, M|100/100
|turn|3
|-activate|p1a: Bewear|item: Quick Claw
|
|switch|p2a: Noivern|Noivern, F|100/100
|move|p1a: Bewear|Swords Dance|p1a: Bewear
|-boost|p1a: Bewear|atk|2
|
|upkeep
|turn|4
|-activate|p1a: Bewear|item: Quick Claw
|
|move|p1a: Bewear|Facade|p2a: Noivern
|-crit|p2a: Noivern
|-damage|p2a: Noivern|0 fnt
|faint|p2a: Noivern
|
|upkeep
|
|switch|p2a: Rotom|Rotom-Heat|100/100
|turn|5
|-activate|p1a: Bewear|item: Quick Claw
|
|move|p1a: Bewear|Facade|p2a: Rotom
|-damage|p2a: Rotom|33/100
|move|p2a: Rotom|Will-O-Wisp|p1a: Bewear
|-status|p1a: Bewear|brn
|
|-damage|p1a: Bewear|94/100 brn|[from] brn
|upkeep
|turn|6
|-activate|p1a: Bewear|item: Quick Claw
|
|move|p1a: Bewear|Facade|p2a: Rotom
|-damage|p2a: Rotom|0 fnt
|faint|p2a: Rotom
|
|-damage|p1a: Bewear|88/100 brn|[from] brn
|upkeep
|
|switch|p2a: FOSSIL|Dracovish|100/100
|turn|7
|
|move|p2a: FOSSIL|Fishious Rend|p1a: Bewear
|-damage|p1a: Bewear|39/100 brn
|move|p1a: Bewear|Facade|p2a: FOSSIL
|-damage|p2a: FOSSIL|0 fnt
|faint|p2a: FOSSIL
|
|-damage|p1a: Bewear|33/100 brn|[from] brn
|upkeep
|
|switch|p2a: CRAB|Crawdaunt, M|100/100
|turn|8
|-activate|p1a: Bewear|item: Quick Claw
|
|switch|p2a: Excadrill|Excadrill, M|100/100
|-ability|p2a: Excadrill|Mold Breaker
|move|p1a: Bewear|Drain Punch|p2a: Excadrill
|-supereffective|p2a: Excadrill
|-damage|p2a: Excadrill|0 fnt
|-heal|p1a: Bewear|75/100 brn|[from] drain|[of] p2a: Excadrill
|faint|p2a: Excadrill
|
|-damage|p1a: Bewear|69/100 brn|[from] brn
|upkeep
|-message|Toxapex is BROKEN! forfeited.
|
|win|realmoses
|l|☆Toxapex is BROKEN!
|raw|realmoses's rating: 1453 → 1478(+25 for winning)
|raw|Toxapex is BROKEN!'s rating: 1535 → 1510(-25 for losing)
