|ScrapeTime|2020-01-03-01:19:14
|j|☆stevens bro
|j|☆DragoSeven7
|player|p1|stevens bro|101|1306
|player|p2|DragoSeven7|hugh|1255
|teamsize|p1|6
|teamsize|p2|6
|gametype|singles
|gen|8
|tier|[Gen 8] OU
|rated|
|rule|Sleep Clause Mod: Limit one foe put to sleep
|rule|Species Clause: Limit one of each Pokémon
|rule|OHKO Clause: OHKO moves are banned
|rule|Evasion Moves Clause: Evasion moves are banned
|rule|Endless Battle Clause: Forcing endless battles is banned
|rule|HP Percentage Mod: HP is shown in percentages
|clearpoke
|poke|p1|Runerigus, F|
|poke|p1|Dragapult, M|
|poke|p1|Milotic, F|
|poke|p1|Avalugg, M|
|poke|p1|Ferrothorn, M|
|poke|p1|Salazzle, F|
|poke|p2|Dracovish|
|poke|p2|Sirfetch'd, M|
|poke|p2|Togekiss, F|
|poke|p2|Jolteon, F|
|poke|p2|Mandibuzz, F|
|poke|p2|Claydol|
|rule|Dynamax Clause: You cannot dynamax
|teampreview
|inactive|Battle timer is ON: inactive players will automatically lose when time's up. (requested by stevens bro)
|inactive|DragoSeven7 has 120 seconds left.
|
|start
|switch|p1a: Sally|Salazzle, F, shiny|100/100
|switch|p2a: Jolteon|Jolteon, F|100/100
|turn|1
|
|move|p1a: Sally|Protect|p1a: Sally
|-singleturn|p1a: Sally|Protect
|move|p2a: Jolteon|Volt Switch|p1a: Sally
|-activate|p1a: Sally|move: Protect
|
|upkeep
|turn|2
|
|switch|p2a: Dracovish|Dracovish|100/100
|move|p1a: Sally|Toxic|p2a: Dracovish
|-status|p2a: Dracovish|tox
|
|-damage|p2a: Dracovish|94/100 tox|[from] psn
|upkeep
|turn|3
|
|switch|p2a: Togekiss|Togekiss, F|100/100
|move|p1a: Sally|Protect||[still]
|-fail|p1a: Sally
|
|upkeep
|turn|4
|
|move|p1a: Sally|Toxic|p2a: Togekiss
|-status|p2a: Togekiss|tox
|move|p2a: Togekiss|Air Slash|p1a: Sally
|-damage|p1a: Sally|28/100
|-damage|p2a: Togekiss|91/100 tox|[from] item: Life Orb
|
|-heal|p1a: Sally|34/100|[from] item: Black Sludge
|-damage|p2a: Togekiss|84/100 tox|[from] psn
|upkeep
|turn|5
|
|switch|p1a: Mavis|Milotic, F, shiny|100/100
|move|p2a: Togekiss|Air Slash|p1a: Mavis
|-damage|p1a: Mavis|73/100
|-damage|p2a: Togekiss|74/100 tox|[from] item: Life Orb
|
|-heal|p1a: Mavis|79/100|[from] item: Leftovers
|-damage|p2a: Togekiss|62/100 tox|[from] psn
|upkeep
|turn|6
|
|switch|p2a: Mandibuzz|Mandibuzz, F|100/100
|move|p1a: Mavis|Recover|p1a: Mavis
|-heal|p1a: Mavis|100/100
|
|upkeep
|turn|7
|
|move|p1a: Mavis|Scald|p2a: Mandibuzz
|-damage|p2a: Mandibuzz|79/100
|-status|p2a: Mandibuzz|brn
|move|p2a: Mandibuzz|Knock Off|p1a: Mavis
|-damage|p1a: Mavis|88/100
|-enditem|p1a: Mavis|Leftovers|[from] move: Knock Off|[of] p2a: Mandibuzz
|
|-damage|p2a: Mandibuzz|73/100 brn|[from] brn
|upkeep
|turn|8
|
|move|p1a: Mavis|Ice Beam|p2a: Mandibuzz
|-supereffective|p2a: Mandibuzz
|-damage|p2a: Mandibuzz|35/100 brn
|move|p2a: Mandibuzz|Toxic|p1a: Mavis
|-status|p1a: Mavis|tox
|
|-damage|p1a: Mavis|82/100 tox|[from] psn
|-damage|p2a: Mandibuzz|29/100 brn|[from] brn
|upkeep
|turn|9
|
|switch|p2a: Dracovish|Dracovish|94/100 tox
|move|p1a: Mavis|Scald|p2a: Dracovish
|-resisted|p2a: Dracovish
|-damage|p2a: Dracovish|85/100 tox
|
|-damage|p2a: Dracovish|79/100 tox|[from] psn
|-damage|p1a: Mavis|70/100 tox|[from] psn
|upkeep
|turn|10
|
|switch|p1a: Barbs|Ferrothorn, M, shiny|100/100
|move|p2a: Dracovish|Crunch|p1a: Barbs
|-damage|p1a: Barbs|83/100
|-damage|p2a: Dracovish|67/100 tox|[from] ability: Iron Barbs|[of] p1a: Barbs
|-unboost|p1a: Barbs|def|1
|
|-heal|p1a: Barbs|89/100|[from] item: Leftovers
|-damage|p2a: Dracovish|54/100 tox|[from] psn
|upkeep
|turn|11
|inactive|stevens bro has 120 seconds left.
|
|switch|p2a: Sirfetch'd|Sirfetch'd, M|100/100
|move|p1a: Barbs|Leech Seed|p2a: Sirfetch'd
|-start|p2a: Sirfetch'd|move: Leech Seed
|
|-heal|p1a: Barbs|95/100|[from] item: Leftovers
|-damage|p2a: Sirfetch'd|88/100|[from] Leech Seed|[of] p1a: Barbs
|-heal|p1a: Barbs|100/100|[silent]
|upkeep
|turn|12
|inactive|stevens bro has 120 seconds left.
|inactive|DragoSeven7 has 120 seconds left.
|
|move|p1a: Barbs|Protect|p1a: Barbs
|-singleturn|p1a: Barbs|Protect
|move|p2a: Sirfetch'd|Close Combat|p1a: Barbs
|-activate|p1a: Barbs|move: Protect
|
|-damage|p2a: Sirfetch'd|76/100|[from] Leech Seed|[of] p1a: Barbs
|upkeep
|turn|13
|inactive|stevens bro has 120 seconds left.
|
|move|p2a: Sirfetch'd|Night Slash|p1a: Barbs
|-crit|p1a: Barbs
|-damage|p1a: Barbs|63/100
|-damage|p2a: Sirfetch'd|64/100|[from] ability: Iron Barbs|[of] p1a: Barbs
|move|p1a: Barbs|Power Whip|p2a: Sirfetch'd
|-damage|p2a: Sirfetch'd|20/100
|
|-heal|p1a: Barbs|69/100|[from] item: Leftovers
|-damage|p2a: Sirfetch'd|7/100|[from] Leech Seed|[of] p1a: Barbs
|-heal|p1a: Barbs|79/100|[silent]
|upkeep
|turn|14
|
|switch|p2a: Mandibuzz|Mandibuzz, F|29/100 brn
|move|p1a: Barbs|Protect||[still]
|-fail|p1a: Barbs
|
|-heal|p1a: Barbs|86/100|[from] item: Leftovers
|-damage|p2a: Mandibuzz|23/100 brn|[from] brn
|upkeep
|turn|15
|
|switch|p1a: Mavis|Milotic, F, shiny|70/100 tox
|move|p2a: Mandibuzz|Roost|p2a: Mandibuzz
|-heal|p2a: Mandibuzz|73/100 brn
|-singleturn|p2a: Mandibuzz|move: Roost
|
|-damage|p1a: Mavis|63/100 tox|[from] psn
|-damage|p2a: Mandibuzz|67/100 brn|[from] brn
|upkeep
|turn|16
|
|move|p1a: Mavis|Recover|p1a: Mavis
|-heal|p1a: Mavis|100/100 tox
|move|p2a: Mandibuzz|Roost|p2a: Mandibuzz
|-heal|p2a: Mandibuzz|100/100 brn
|-singleturn|p2a: Mandibuzz|move: Roost
|
|-damage|p1a: Mavis|88/100 tox|[from] psn
|-damage|p2a: Mandibuzz|94/100 brn|[from] brn
|upkeep
|turn|17
|
|move|p1a: Mavis|Ice Beam|p2a: Mandibuzz
|-supereffective|p2a: Mandibuzz
|-damage|p2a: Mandibuzz|58/100 brn
|move|p2a: Mandibuzz|Knock Off|p1a: Mavis
|-damage|p1a: Mavis|83/100 tox
|
|-damage|p1a: Mavis|65/100 tox|[from] psn
|-damage|p2a: Mandibuzz|52/100 brn|[from] brn
|upkeep
|turn|18
|
|move|p1a: Mavis|Ice Beam|p2a: Mandibuzz
|-supereffective|p2a: Mandibuzz
|-damage|p2a: Mandibuzz|15/100 brn
|move|p2a: Mandibuzz|Roost|p2a: Mandibuzz
|-heal|p2a: Mandibuzz|65/100 brn
|-singleturn|p2a: Mandibuzz|move: Roost
|
|-damage|p1a: Mavis|40/100 tox|[from] psn
|-damage|p2a: Mandibuzz|59/100 brn|[from] brn
|upkeep
|turn|19
|
|move|p1a: Mavis|Recover|p1a: Mavis
|-heal|p1a: Mavis|90/100 tox
|move|p2a: Mandibuzz|Roost|p2a: Mandibuzz
|-heal|p2a: Mandibuzz|100/100 brn
|-singleturn|p2a: Mandibuzz|move: Roost
|
|-damage|p1a: Mavis|60/100 tox|[from] psn
|-damage|p2a: Mandibuzz|94/100 brn|[from] brn
|upkeep
|turn|20
|
|switch|p2a: Claydol|Claydol|100/100
|move|p1a: Mavis|Recover|p1a: Mavis
|-heal|p1a: Mavis|100/100 tox
|
|-damage|p1a: Mavis|64/100 tox|[from] psn
|upkeep
|turn|21
|
|switch|p1a: Ruin|Runerigus, F, shiny|100/100
|move|p2a: Claydol|Stealth Rock|p1a: Ruin
|-sidestart|p1: stevens bro|move: Stealth Rock
|
|upkeep
|turn|22
|inactive|DragoSeven7 has 120 seconds left.
|
|move|p2a: Claydol|Ice Beam|p1a: Ruin
|-supereffective|p1a: Ruin
|-damage|p1a: Ruin|67/100
|move|p1a: Ruin|Stealth Rock|p2a: Claydol
|-sidestart|p2: DragoSeven7|move: Stealth Rock
|
|-heal|p1a: Ruin|74/100|[from] item: Leftovers
|upkeep
|turn|23
|inactive|stevens bro has 120 seconds left.
|inactive|stevens bro has 90 seconds left.
|
|move|p2a: Claydol|Ice Beam|p1a: Ruin
|-supereffective|p1a: Ruin
|-damage|p1a: Ruin|40/100
|move|p1a: Ruin|Stealth Rock||[still]
|-fail|p1a: Ruin
|
|-heal|p1a: Ruin|47/100|[from] item: Leftovers
|upkeep
|turn|24
|inactive|stevens bro has 90 seconds left.
|
|switch|p1a: Mavis|Milotic, F, shiny|64/100 tox
|-damage|p1a: Mavis|52/100 tox|[from] Stealth Rock
|move|p2a: Claydol|Ice Beam|p1a: Mavis
|-resisted|p1a: Mavis
|-damage|p1a: Mavis|47/100 tox
|
|-damage|p1a: Mavis|41/100 tox|[from] psn
|upkeep
|turn|25
|
|move|p1a: Mavis|Recover|p1a: Mavis
|-heal|p1a: Mavis|91/100 tox
|move|p2a: Claydol|Rapid Spin|p1a: Mavis
|-damage|p1a: Mavis|86/100 tox
|-sideend|p2: DragoSeven7|Stealth Rock|[from] move: Rapid Spin|[of] p2a: Claydol
|-boost|p2a: Claydol|spe|1
|
|-damage|p1a: Mavis|74/100 tox|[from] psn
|upkeep
|turn|26
|
|switch|p1a: Ruin|Runerigus, F, shiny|47/100
|-damage|p1a: Ruin|40/100|[from] Stealth Rock
|move|p2a: Claydol|Earth Power|p1a: Ruin
|-damage|p1a: Ruin|16/100
|
|-heal|p1a: Ruin|22/100|[from] item: Leftovers
|upkeep
|turn|27
|
|move|p2a: Claydol|Earth Power|p1a: Ruin
|-damage|p1a: Ruin|0 fnt
|faint|p1a: Ruin
|
|upkeep
|
|switch|p1a: Mavis|Milotic, F, shiny|74/100 tox
|-damage|p1a: Mavis|62/100 tox|[from] Stealth Rock
|turn|28
|
|move|p2a: Claydol|Earth Power|p1a: Mavis
|-damage|p1a: Mavis|48/100 tox
|move|p1a: Mavis|Scald|p2a: Claydol
|-supereffective|p2a: Claydol
|-damage|p2a: Claydol|67/100
|
|-heal|p2a: Claydol|73/100|[from] item: Leftovers
|-damage|p1a: Mavis|42/100 tox|[from] psn
|upkeep
|turn|29
|
|move|p2a: Claydol|Earth Power|p1a: Mavis
|-damage|p1a: Mavis|30/100 tox
|move|p1a: Mavis|Scald|p2a: Claydol
|-supereffective|p2a: Claydol
|-damage|p2a: Claydol|35/100
|
|-heal|p2a: Claydol|41/100|[from] item: Leftovers
|-damage|p1a: Mavis|18/100 tox|[from] psn
|upkeep
|turn|30
|
|move|p2a: Claydol|Earth Power|p1a: Mavis
|-damage|p1a: Mavis|5/100 tox
|move|p1a: Mavis|Scald|p2a: Claydol
|-supereffective|p2a: Claydol
|-damage|p2a: Claydol|2/100
|-status|p2a: Claydol|brn
|
|-heal|p2a: Claydol|9/100 brn|[from] item: Leftovers
|-damage|p2a: Claydol|2/100 brn|[from] brn
|-damage|p1a: Mavis|0 fnt|[from] psn
|faint|p1a: Mavis
|upkeep
|
|switch|p1a: Danerys|Dragapult, M, shiny|100/100
|-damage|p1a: Danerys|88/100|[from] Stealth Rock
|turn|31
|inactive|DragoSeven7 has 120 seconds left.
|
|move|p1a: Danerys|Substitute|p1a: Danerys
|-start|p1a: Danerys|Substitute
|-damage|p1a: Danerys|63/100
|move|p2a: Claydol|Ice Beam|p1a: Danerys
|-supereffective|p1a: Danerys
|-end|p1a: Danerys|Substitute
|
|-heal|p1a: Danerys|69/100|[from] item: Leftovers
|-heal|p2a: Claydol|9/100 brn|[from] item: Leftovers
|-damage|p2a: Claydol|2/100 brn|[from] brn
|upkeep
|turn|32
|
|move|p1a: Danerys|Hex|p2a: Claydol
|-supereffective|p2a: Claydol
|-damage|p2a: Claydol|0 fnt
|faint|p2a: Claydol
|
|-heal|p1a: Danerys|76/100|[from] item: Leftovers
|upkeep
|inactive|DragoSeven7 has 120 seconds left.
|
|switch|p2a: Jolteon|Jolteon, F|100/100
|turn|33
|
|move|p1a: Danerys|Substitute|p1a: Danerys
|-start|p1a: Danerys|Substitute
|-damage|p1a: Danerys|51/100
|move|p2a: Jolteon|Shadow Ball|p1a: Danerys
|-supereffective|p1a: Danerys
|-end|p1a: Danerys|Substitute
|
|-heal|p1a: Danerys|57/100|[from] item: Leftovers
|upkeep
|turn|34
|
|move|p1a: Danerys|Disable|p2a: Jolteon
|-start|p2a: Jolteon|Disable|Shadow Ball
|cant|p2a: Jolteon|Disable|Shadow Ball
|
|-heal|p1a: Danerys|63/100|[from] item: Leftovers
|upkeep
|turn|35
|
|switch|p2a: Mandibuzz|Mandibuzz, F|94/100 brn
|move|p1a: Danerys|Substitute|p1a: Danerys
|-start|p1a: Danerys|Substitute
|-damage|p1a: Danerys|38/100
|
|-heal|p1a: Danerys|44/100|[from] item: Leftovers
|-damage|p2a: Mandibuzz|88/100 brn|[from] brn
|upkeep
|turn|36
|
|move|p1a: Danerys|Hex|p2a: Mandibuzz
|-resisted|p2a: Mandibuzz
|-damage|p2a: Mandibuzz|65/100 brn
|move|p2a: Mandibuzz|Knock Off|p1a: Danerys
|-supereffective|p1a: Danerys
|-end|p1a: Danerys|Substitute
|
|-heal|p1a: Danerys|50/100|[from] item: Leftovers
|-damage|p2a: Mandibuzz|59/100 brn|[from] brn
|upkeep
|turn|37
|
|switch|p1a: Mountain|Avalugg, M, shiny|100/100
|move|p2a: Mandibuzz|Toxic|p1a: Mountain
|-status|p1a: Mountain|tox
|
|-damage|p2a: Mandibuzz|53/100 brn|[from] brn
|-damage|p1a: Mountain|94/100 tox|[from] psn
|upkeep
|turn|38
|
|move|p2a: Mandibuzz|Roost|p2a: Mandibuzz
|-heal|p2a: Mandibuzz|100/100 brn
|-singleturn|p2a: Mandibuzz|move: Roost
|move|p1a: Mountain|Avalanche|p2a: Mandibuzz
|-damage|p2a: Mandibuzz|87/100 brn
|-damage|p1a: Mountain|78/100 tox|[from] item: Rocky Helmet|[of] p2a: Mandibuzz
|
|-damage|p2a: Mandibuzz|81/100 brn|[from] brn
|-damage|p1a: Mountain|66/100 tox|[from] psn
|upkeep
|turn|39
|
|move|p2a: Mandibuzz|Knock Off|p1a: Mountain
|-damage|p1a: Mountain|61/100 tox
|-enditem|p1a: Mountain|Heavy-Duty Boots|[from] move: Knock Off|[of] p2a: Mandibuzz
|move|p1a: Mountain|Body Press|p2a: Mandibuzz
|-damage|p2a: Mandibuzz|57/100 brn
|-damage|p1a: Mountain|44/100 tox|[from] item: Rocky Helmet|[of] p2a: Mandibuzz
|
|-damage|p2a: Mandibuzz|51/100 brn|[from] brn
|-damage|p1a: Mountain|26/100 tox|[from] psn
|upkeep
|turn|40
|
|move|p2a: Mandibuzz|Roost|p2a: Mandibuzz
|-heal|p2a: Mandibuzz|100/100 brn
|-singleturn|p2a: Mandibuzz|move: Roost
|move|p1a: Mountain|Body Press|p2a: Mandibuzz
|-supereffective|p2a: Mandibuzz
|-damage|p2a: Mandibuzz|55/100 brn
|-damage|p1a: Mountain|10/100 tox|[from] item: Rocky Helmet|[of] p2a: Mandibuzz
|
|-damage|p2a: Mandibuzz|48/100 brn|[from] brn
|-damage|p1a: Mountain|0 fnt|[from] psn
|faint|p1a: Mountain
|upkeep
|
|switch|p1a: Barbs|Ferrothorn, M, shiny|86/100
|-damage|p1a: Barbs|79/100|[from] Stealth Rock
|turn|41
|
|switch|p2a: Sirfetch'd|Sirfetch'd, M|7/100
|move|p1a: Barbs|Leech Seed|p2a: Sirfetch'd
|-start|p2a: Sirfetch'd|move: Leech Seed
|
|-heal|p1a: Barbs|86/100|[from] item: Leftovers
|-damage|p2a: Sirfetch'd|0 fnt|[from] Leech Seed|[of] p1a: Barbs
|-heal|p1a: Barbs|92/100|[silent]
|faint|p2a: Sirfetch'd
|upkeep
|
|switch|p2a: Togekiss|Togekiss, F|62/100 tox
|turn|42
|
|move|p2a: Togekiss|Fire Blast|p1a: Barbs
|-supereffective|p1a: Barbs
|-damage|p1a: Barbs|0 fnt
|-damage|p2a: Togekiss|52/100 tox|[from] item: Life Orb
|faint|p1a: Barbs
|
|-damage|p2a: Togekiss|46/100 tox|[from] psn
|upkeep
|inactive|stevens bro has 120 seconds left.
|
|switch|p1a: Sally|Salazzle, F, shiny|34/100
|-damage|p1a: Sally|9/100|[from] Stealth Rock
|turn|43
|
|move|p1a: Sally|Protect|p1a: Sally
|-singleturn|p1a: Sally|Protect
|move|p2a: Togekiss|Air Slash|p1a: Sally
|-activate|p1a: Sally|move: Protect
|
|-heal|p1a: Sally|16/100|[from] item: Black Sludge
|-damage|p2a: Togekiss|34/100 tox|[from] psn
|upkeep
|turn|44
|
|move|p1a: Sally|Flamethrower|p2a: Togekiss
|-damage|p2a: Togekiss|0 fnt
|faint|p2a: Togekiss
|
|-heal|p1a: Sally|22/100|[from] item: Black Sludge
|upkeep
|
|switch|p2a: Dracovish|Dracovish|54/100 tox
|turn|45
|
|move|p1a: Sally|Protect|p1a: Sally
|-singleturn|p1a: Sally|Protect
|move|p2a: Dracovish|Fishious Rend|p1a: Sally
|-activate|p1a: Sally|move: Protect
|
|-heal|p1a: Sally|28/100|[from] item: Black Sludge
|-damage|p2a: Dracovish|48/100 tox|[from] psn
|upkeep
|turn|46
|
|move|p2a: Dracovish|Fishious Rend|p1a: Sally
|-supereffective|p1a: Sally
|-damage|p1a: Sally|0 fnt
|faint|p1a: Sally
|
|-damage|p2a: Dracovish|36/100 tox|[from] psn
|upkeep
|
|switch|p1a: Danerys|Dragapult, M, shiny|50/100
|-damage|p1a: Danerys|38/100|[from] Stealth Rock
|turn|47
|
|move|p1a: Danerys|Hex|p2a: Dracovish
|-damage|p2a: Dracovish|0 fnt
|faint|p2a: Dracovish
|
|-heal|p1a: Danerys|44/100|[from] item: Leftovers
|upkeep
|
|switch|p2a: Jolteon|Jolteon, F|100/100
|turn|48
|
|move|p1a: Danerys|Substitute|p1a: Danerys
|-start|p1a: Danerys|Substitute
|-damage|p1a: Danerys|19/100
|move|p2a: Jolteon|Shadow Ball|p1a: Danerys
|-supereffective|p1a: Danerys
|-end|p1a: Danerys|Substitute
|
|-heal|p1a: Danerys|25/100|[from] item: Leftovers
|upkeep
|turn|49
|
|move|p1a: Danerys|Disable|p2a: Jolteon
|-start|p2a: Jolteon|Disable|Shadow Ball
|cant|p2a: Jolteon|Disable|Shadow Ball
|
|-heal|p1a: Danerys|32/100|[from] item: Leftovers
|upkeep
|turn|50
|
|switch|p2a: Mandibuzz|Mandibuzz, F|48/100 brn
|move|p1a: Danerys|Will-O-Wisp|p2a: Mandibuzz|[miss]
|-miss|p1a: Danerys|p2a: Mandibuzz
|
|-heal|p1a: Danerys|38/100|[from] item: Leftovers
|-damage|p2a: Mandibuzz|42/100 brn|[from] brn
|upkeep
|turn|51
|inactive|stevens bro has 120 seconds left.
|
|move|p1a: Danerys|Substitute|p1a: Danerys
|-start|p1a: Danerys|Substitute
|-damage|p1a: Danerys|13/100
|move|p2a: Mandibuzz|Roost|p2a: Mandibuzz
|-heal|p2a: Mandibuzz|92/100 brn
|-singleturn|p2a: Mandibuzz|move: Roost
|
|-heal|p1a: Danerys|19/100|[from] item: Leftovers
|-damage|p2a: Mandibuzz|86/100 brn|[from] brn
|upkeep
|turn|52
|
|move|p1a: Danerys|Hex|p2a: Mandibuzz
|-resisted|p2a: Mandibuzz
|-damage|p2a: Mandibuzz|63/100 brn
|move|p2a: Mandibuzz|Knock Off|p1a: Danerys
|-supereffective|p1a: Danerys
|-end|p1a: Danerys|Substitute
|
|-heal|p1a: Danerys|25/100|[from] item: Leftovers
|-damage|p2a: Mandibuzz|57/100 brn|[from] brn
|upkeep
|turn|53
|
|move|p1a: Danerys|Hex|p2a: Mandibuzz
|-resisted|p2a: Mandibuzz
|-damage|p2a: Mandibuzz|33/100 brn
|move|p2a: Mandibuzz|Knock Off|p1a: Danerys
|-supereffective|p1a: Danerys
|-damage|p1a: Danerys|0 fnt
|-enditem|p1a: Danerys|Leftovers|[from] move: Knock Off|[of] p2a: Mandibuzz
|faint|p1a: Danerys
|
|win|DragoSeven7
|l|☆stevens bro
|raw|stevens bro's rating: 1307 → 1284(-23 for losing)
|raw|DragoSeven7's rating: 1255 → 1284(+29 for winning)
