|ScrapeTime|2020-01-01-09:45:09
|j|☆Bloody Regina
|j|☆Ichbinfarhaan
|player|p1|Bloody Regina|mira|1337
|player|p2|Ichbinfarhaan|blue|1341
|teamsize|p1|6
|teamsize|p2|6
|gametype|singles
|gen|8
|tier|[Gen 8] OU
|rated|
|rule|Sleep Clause Mod: Limit one foe put to sleep
|rule|Species Clause: Limit one of each Pokémon
|rule|OHKO Clause: OHKO moves are banned
|rule|Evasion Moves Clause: Evasion moves are banned
|rule|Endless Battle Clause: Forcing endless battles is banned
|rule|HP Percentage Mod: HP is shown in percentages
|clearpoke
|poke|p1|Weezing-Galar, M|
|poke|p1|Dragapult, M|
|poke|p1|Sylveon, F|
|poke|p1|Rotom-Wash|
|poke|p1|Corviknight, M|
|poke|p1|Cinderace, M|
|poke|p2|Bisharp, M|
|poke|p2|Dracozolt|
|poke|p2|Corviknight, F|
|poke|p2|Clefable, M|
|poke|p2|Rotom-Heat|
|poke|p2|Seismitoad, F|
|rule|Dynamax Clause: You cannot dynamax
|teampreview
|inactive|Battle timer is ON: inactive players will automatically lose when time's up. (requested by Ichbinfarhaan)
|
|start
|switch|p1a: Rotom|Rotom-Wash|100/100
|switch|p2a: Rotom|Rotom-Heat|100/100
|turn|1
|
|move|p2a: Rotom|Volt Switch|p1a: Rotom
|-damage|p1a: Rotom|67/100
|
|switch|p2a: Clefable|Clefable, M|100/100|[from]move: Volt Switch
|move|p1a: Rotom|Volt Switch|p2a: Clefable
|-crit|p2a: Clefable
|-damage|p2a: Clefable|48/100
|
|switch|p1a: Cinderace|Cinderace, M|100/100|[from]move: Volt Switch
|
|upkeep
|turn|2
|
|switch|p2a: Seismitoad|Seismitoad, F|100/100
|move|p1a: Cinderace|U-turn|p2a: Seismitoad
|-damage|p2a: Seismitoad|81/100
|
|switch|p1a: Sylveon|Sylveon, F|100/100|[from]move: U-turn
|
|-heal|p2a: Seismitoad|87/100|[from] item: Leftovers
|upkeep
|turn|3
|
|move|p2a: Seismitoad|Toxic|p1a: Sylveon
|-status|p1a: Sylveon|tox
|move|p1a: Sylveon|Substitute|p1a: Sylveon
|-start|p1a: Sylveon|Substitute
|-damage|p1a: Sylveon|76/100 tox
|
|-heal|p2a: Seismitoad|93/100|[from] item: Leftovers
|-damage|p1a: Sylveon|69/100 tox|[from] psn
|upkeep
|turn|4
|
|move|p2a: Seismitoad|Stealth Rock|p1a: Sylveon
|-sidestart|p1: Bloody Regina|move: Stealth Rock
|move|p1a: Sylveon|Hyper Voice|p2a: Seismitoad
|-damage|p2a: Seismitoad|28/100
|
|-heal|p2a: Seismitoad|34/100|[from] item: Leftovers
|-damage|p1a: Sylveon|57/100 tox|[from] psn
|upkeep
|turn|5
|
|switch|p2a: Clefable|Clefable, M|48/100
|move|p1a: Sylveon|Hyper Voice|p2a: Clefable
|-damage|p2a: Clefable|0 fnt
|faint|p2a: Clefable
|
|-damage|p1a: Sylveon|39/100 tox|[from] psn
|upkeep
|
|switch|p2a: Corviknight|Corviknight, F|100/100
|-ability|p2a: Corviknight|Pressure
|turn|6
|
|move|p2a: Corviknight|Roost||[still]
|-fail|p2a: Corviknight|heal
|move|p1a: Sylveon|Mystical Fire|p2a: Corviknight
|-supereffective|p2a: Corviknight
|-damage|p2a: Corviknight|61/100
|-unboost|p2a: Corviknight|spa|1
|
|-heal|p2a: Corviknight|68/100|[from] item: Leftovers
|-damage|p1a: Sylveon|14/100 tox|[from] psn
|upkeep
|turn|7
|
|move|p2a: Corviknight|Roost|p2a: Corviknight
|-heal|p2a: Corviknight|100/100
|-singleturn|p2a: Corviknight|move: Roost
|move|p1a: Sylveon|Mystical Fire|p2a: Corviknight
|-supereffective|p2a: Corviknight
|-damage|p2a: Corviknight|60/100
|-unboost|p2a: Corviknight|spa|1
|
|-heal|p2a: Corviknight|66/100|[from] item: Leftovers
|-damage|p1a: Sylveon|0 fnt|[from] psn
|faint|p1a: Sylveon
|upkeep
|
|switch|p1a: Cinderace|Cinderace, M|100/100
|turn|8
|
|switch|p2a: Seismitoad|Seismitoad, F|34/100
|move|p1a: Cinderace|Court Change|p1a: Cinderace
|-sideend|p1: Bloody Regina|Stealth Rock|[silent]
|-sidestart|p2: Ichbinfarhaan|Stealth Rock|[silent]
|-activate|p1a: Cinderace|move: Court Change
|
|-heal|p2a: Seismitoad|40/100|[from] item: Leftovers
|upkeep
|turn|9
|
|move|p1a: Cinderace|U-turn|p2a: Seismitoad
|-damage|p2a: Seismitoad|21/100
|
|switch|p1a: Weezing|Weezing-Galar, M|100/100|[from]move: U-turn
|move|p2a: Seismitoad|Stealth Rock|p1a: Weezing
|-sidestart|p1: Bloody Regina|move: Stealth Rock
|
|-heal|p2a: Seismitoad|27/100|[from] item: Leftovers
|upkeep
|turn|10
|
|move|p2a: Seismitoad|Scald|p1a: Weezing
|-damage|p1a: Weezing|78/100
|move|p1a: Weezing|Strange Steam|p2a: Seismitoad
|-damage|p2a: Seismitoad|0 fnt
|faint|p2a: Seismitoad
|
|-heal|p1a: Weezing|84/100|[from] item: Black Sludge
|upkeep
|
|switch|p2a: Bisharp|Bisharp, M|100/100
|-damage|p2a: Bisharp|95/100|[from] Stealth Rock
|turn|11
|
|move|p2a: Bisharp|Swords Dance|p2a: Bisharp
|-boost|p2a: Bisharp|atk|2
|move|p1a: Weezing|Will-O-Wisp|p2a: Bisharp
|-status|p2a: Bisharp|brn
|
|-heal|p1a: Weezing|90/100|[from] item: Black Sludge
|-damage|p2a: Bisharp|89/100 brn|[from] brn
|upkeep
|turn|12
|
|move|p2a: Bisharp|Iron Head|p1a: Weezing
|-supereffective|p1a: Weezing
|-damage|p1a: Weezing|19/100
|move|p1a: Weezing|Strange Steam|p2a: Bisharp
|-damage|p2a: Bisharp|46/100 brn
|
|-heal|p1a: Weezing|25/100|[from] item: Black Sludge
|-damage|p2a: Bisharp|40/100 brn|[from] brn
|upkeep
|turn|13
|
|switch|p1a: Corviknight|Corviknight, M|100/100
|-damage|p1a: Corviknight|88/100|[from] Stealth Rock
|-ability|p1a: Corviknight|Pressure
|move|p2a: Bisharp|Throat Chop|p1a: Corviknight
|-damage|p1a: Corviknight|56/100
|-start|p1a: Corviknight|Throat Chop|[silent]
|
|-heal|p1a: Corviknight|62/100|[from] item: Leftovers
|-damage|p2a: Bisharp|34/100 brn|[from] brn
|upkeep
|turn|14
|
|move|p2a: Bisharp|Throat Chop|p1a: Corviknight
|-damage|p1a: Corviknight|30/100
|move|p1a: Corviknight|Iron Defense|p1a: Corviknight
|-boost|p1a: Corviknight|def|2
|
|-heal|p1a: Corviknight|36/100|[from] item: Leftovers
|-damage|p2a: Bisharp|29/100 brn|[from] brn
|-end|p1a: Corviknight|Throat Chop|[silent]
|upkeep
|turn|15
|
|move|p2a: Bisharp|Throat Chop|p1a: Corviknight
|-damage|p1a: Corviknight|18/100
|-start|p1a: Corviknight|Throat Chop|[silent]
|move|p1a: Corviknight|Roost|p1a: Corviknight
|-heal|p1a: Corviknight|68/100
|-singleturn|p1a: Corviknight|move: Roost
|
|-heal|p1a: Corviknight|74/100|[from] item: Leftovers
|-damage|p2a: Bisharp|23/100 brn|[from] brn
|upkeep
|turn|16
|
|move|p2a: Bisharp|Swords Dance|p2a: Bisharp
|-boost|p2a: Bisharp|atk|2
|move|p1a: Corviknight|Roost|p1a: Corviknight
|-heal|p1a: Corviknight|100/100
|-singleturn|p1a: Corviknight|move: Roost
|
|-damage|p2a: Bisharp|17/100 brn|[from] brn
|-end|p1a: Corviknight|Throat Chop|[silent]
|upkeep
|turn|17
|
|move|p2a: Bisharp|Throat Chop|p1a: Corviknight
|-crit|p1a: Corviknight
|-damage|p1a: Corviknight|24/100
|-start|p1a: Corviknight|Throat Chop|[silent]
|move|p1a: Corviknight|Iron Defense|p1a: Corviknight
|-boost|p1a: Corviknight|def|2
|
|-heal|p1a: Corviknight|30/100|[from] item: Leftovers
|-damage|p2a: Bisharp|11/100 brn|[from] brn
|upkeep
|turn|18
|
|move|p2a: Bisharp|Throat Chop|p1a: Corviknight
|-damage|p1a: Corviknight|15/100
|move|p1a: Corviknight|Roost|p1a: Corviknight
|-heal|p1a: Corviknight|65/100
|-singleturn|p1a: Corviknight|move: Roost
|
|-heal|p1a: Corviknight|71/100|[from] item: Leftovers
|-damage|p2a: Bisharp|5/100 brn|[from] brn
|-end|p1a: Corviknight|Throat Chop|[silent]
|upkeep
|turn|19
|
|move|p2a: Bisharp|Throat Chop|p1a: Corviknight
|-damage|p1a: Corviknight|55/100
|-start|p1a: Corviknight|Throat Chop|[silent]
|move|p1a: Corviknight|Roost|p1a: Corviknight
|-heal|p1a: Corviknight|100/100
|-singleturn|p1a: Corviknight|move: Roost
|
|-damage|p2a: Bisharp|0 fnt|[from] brn
|faint|p2a: Bisharp
|upkeep
|
|switch|p2a: Rotom|Rotom-Heat|100/100
|-damage|p2a: Rotom|76/100|[from] Stealth Rock
|turn|20
|
|switch|p1a: Weezing|Weezing-Galar, M|25/100
|-damage|p1a: Weezing|13/100|[from] Stealth Rock
|move|p2a: Rotom|Thunderbolt|p1a: Weezing
|-damage|p1a: Weezing|0 fnt
|faint|p1a: Weezing
|
|upkeep
|
|switch|p1a: Dragapult|Dragapult, M|100/100
|-damage|p1a: Dragapult|88/100|[from] Stealth Rock
|turn|21
|
|switch|p2a: Corviknight|Corviknight, F|66/100
|-damage|p2a: Corviknight|54/100|[from] Stealth Rock
|-ability|p2a: Corviknight|Pressure
|move|p1a: Dragapult|U-turn|p2a: Corviknight
|-resisted|p2a: Corviknight
|-crit|p2a: Corviknight
|-damage|p2a: Corviknight|49/100
|
|switch|p1a: Cinderace|Cinderace, M|100/100|[from]move: U-turn
|
|-heal|p2a: Corviknight|55/100|[from] item: Leftovers
|upkeep
|turn|22
|
|move|p1a: Cinderace|U-turn|p2a: Corviknight
|-resisted|p2a: Corviknight
|-damage|p2a: Corviknight|51/100
|
|switch|p1a: Rotom|Rotom-Wash|67/100|[from]move: U-turn
|-damage|p1a: Rotom|55/100|[from] Stealth Rock
|move|p2a: Corviknight|Brave Bird|p1a: Rotom
|-resisted|p1a: Rotom
|-damage|p1a: Rotom|36/100
|-damage|p2a: Corviknight|46/100|[from] Recoil
|
|-heal|p2a: Corviknight|53/100|[from] item: Leftovers
|upkeep
|turn|23
|
|move|p1a: Rotom|Volt Switch|p2a: Corviknight
|-supereffective|p2a: Corviknight
|-damage|p2a: Corviknight|0 fnt
|faint|p2a: Corviknight
|
|switch|p1a: Cinderace|Cinderace, M|100/100|[from]move: Volt Switch
|
|upkeep
|
|switch|p2a: Dracozolt|Dracozolt|100/100
|-damage|p2a: Dracozolt|88/100|[from] Stealth Rock
|turn|24
|
|switch|p1a: Rotom|Rotom-Wash|36/100
|-damage|p1a: Rotom|24/100|[from] Stealth Rock
|move|p2a: Dracozolt|Bolt Beak|p1a: Rotom
|-damage|p1a: Rotom|0 fnt
|faint|p1a: Rotom
|
|upkeep
|
|switch|p1a: Dragapult|Dragapult, M|88/100
|-damage|p1a: Dragapult|76/100|[from] Stealth Rock
|turn|25
|
|move|p1a: Dragapult|Dragon Darts|p2a: Dracozolt
|-supereffective|p2a: Dracozolt
|-damage|p2a: Dracozolt|41/100
|-supereffective|p2a: Dracozolt
|-damage|p2a: Dracozolt|0 fnt
|-hitcount|p2a: Dracozolt|2
|faint|p2a: Dracozolt
|
|upkeep
|
|switch|p2a: Rotom|Rotom-Heat|76/100
|-damage|p2a: Rotom|51/100|[from] Stealth Rock
|turn|26
|
|move|p1a: Dragapult|Dragon Darts|p2a: Rotom
|-damage|p2a: Rotom|19/100
|-damage|p2a: Rotom|0 fnt
|-hitcount|p2a: Rotom|2
|faint|p2a: Rotom
|
|win|Bloody Regina
|raw|Bloody Regina's rating: 1337 → 1357(+20 for winning)
|raw|Ichbinfarhaan's rating: 1342 → 1321(-21 for losing)
