|ScrapeTime|2020-01-02-00:08:46
|j|☆SroudDuors
|j|☆Jiibriil
|player|p1|SroudDuors|elesa|1480
|player|p2|Jiibriil|yellow|1506
|teamsize|p1|6
|teamsize|p2|6
|gametype|singles
|gen|8
|tier|[Gen 8] OU
|rated|
|rule|Sleep Clause Mod: Limit one foe put to sleep
|rule|Species Clause: Limit one of each Pokémon
|rule|OHKO Clause: OHKO moves are banned
|rule|Evasion Moves Clause: Evasion moves are banned
|rule|Endless Battle Clause: Forcing endless battles is banned
|rule|HP Percentage Mod: HP is shown in percentages
|clearpoke
|poke|p1|Hatterene, F|
|poke|p1|Mandibuzz, F|
|poke|p1|Cinderace, F|
|poke|p1|Jellicent, F|
|poke|p1|Mamoswine, F|
|poke|p1|Sirfetch'd, F|
|poke|p2|Corviknight, M|
|poke|p2|Dragapult, F|
|poke|p2|Hydreigon, M|
|poke|p2|Dugtrio, F|
|poke|p2|Cinderace, F|
|poke|p2|Gastrodon-East, M|
|rule|Dynamax Clause: You cannot dynamax
|teampreview
|inactive|Battle timer is ON: inactive players will automatically lose when time's up. (requested by SroudDuors)
|inactive|Jiibriil has 120 seconds left.
|
|start
|switch|p1a: Mamoswine|Mamoswine, F|100/100
|switch|p2a: Cerberus|Hydreigon, M|100/100
|turn|1
|
|move|p2a: Cerberus|U-turn|p1a: Mamoswine
|-damage|p1a: Mamoswine|84/100
|
|switch|p2a: The Ooze|Gastrodon-East, M|100/100|[from]move: U-turn
|move|p1a: Mamoswine|Icicle Crash|p2a: The Ooze
|-damage|p2a: The Ooze|53/100
|
|-heal|p2a: The Ooze|59/100|[from] item: Leftovers
|upkeep
|turn|2
|
|switch|p1a: Jellicent|Jellicent, F|100/100
|move|p2a: The Ooze|Recover|p2a: The Ooze
|-heal|p2a: The Ooze|100/100
|
|upkeep
|turn|3
|
|switch|p1a: Hatterene|Hatterene, F|100/100
|switch|p2a: Liberotard|Cinderace, F|100/100
|
|upkeep
|turn|4
|
|switch|p1a: Mandibuzz|Mandibuzz, F|100/100
|move|p2a: Liberotard|Pyro Ball|p1a: Mandibuzz
|-damage|p1a: Mandibuzz|69/100
|
|upkeep
|turn|5
|
|move|p2a: Liberotard|U-turn|p1a: Mandibuzz
|-damage|p1a: Mandibuzz|57/100
|-damage|p2a: Liberotard|84/100|[from] item: Rocky Helmet|[of] p1a: Mandibuzz
|
|switch|p2a: The Ooze|Gastrodon-East, M|100/100|[from]move: U-turn
|move|p1a: Mandibuzz|Toxic|p2a: The Ooze
|-status|p2a: The Ooze|tox
|
|-damage|p2a: The Ooze|94/100 tox|[from] psn
|upkeep
|turn|6
|
|switch|p1a: Hatterene|Hatterene, F|100/100
|move|p2a: The Ooze|Sludge Wave|p1a: Hatterene
|-supereffective|p1a: Hatterene
|-damage|p1a: Hatterene|60/100
|
|-heal|p2a: The Ooze|100/100 tox|[from] item: Leftovers
|-heal|p1a: Hatterene|66/100|[from] item: Leftovers
|-damage|p2a: The Ooze|88/100 tox|[from] psn
|upkeep
|turn|7
|
|switch|p1a: Sirfetch'd|Sirfetch'd, F|100/100
|move|p2a: The Ooze|Earth Power|p1a: Sirfetch'd
|-damage|p1a: Sirfetch'd|65/100
|
|-heal|p2a: The Ooze|94/100 tox|[from] item: Leftovers
|-damage|p2a: The Ooze|76/100 tox|[from] psn
|upkeep
|turn|8
|
|switch|p2a: Excali-bird|Corviknight, M|100/100
|-ability|p2a: Excali-bird|Pressure
|move|p1a: Sirfetch'd|Leaf Blade|p2a: Excali-bird
|-resisted|p2a: Excali-bird
|-damage|p2a: Excali-bird|91/100
|-damage|p1a: Sirfetch'd|55/100|[from] item: Life Orb
|
|-heal|p2a: Excali-bird|97/100|[from] item: Leftovers
|upkeep
|turn|9
|
|switch|p1a: Mandibuzz|Mandibuzz, F|57/100
|move|p2a: Excali-bird|Substitute|p2a: Excali-bird
|-start|p2a: Excali-bird|Substitute
|-damage|p2a: Excali-bird|72/100
|
|-heal|p2a: Excali-bird|78/100|[from] item: Leftovers
|upkeep
|turn|10
|
|move|p1a: Mandibuzz|Taunt|p2a: Excali-bird
|-start|p2a: Excali-bird|move: Taunt
|cant|p2a: Excali-bird|move: Taunt|Bulk Up
|
|-heal|p2a: Excali-bird|85/100|[from] item: Leftovers
|upkeep
|turn|11
|
|switch|p2a: Cerberus|Hydreigon, M|100/100
|move|p1a: Mandibuzz|Roost|p1a: Mandibuzz
|-heal|p1a: Mandibuzz|100/100
|-singleturn|p1a: Mandibuzz|move: Roost
|
|upkeep
|turn|12
|
|switch|p1a: Jellicent|Jellicent, F|100/100
|move|p2a: Cerberus|U-turn|p1a: Jellicent
|-resisted|p1a: Jellicent
|-damage|p1a: Jellicent|92/100
|
|switch|p2a: The Ooze|Gastrodon-East, M|76/100 tox|[from]move: U-turn
|
|-heal|p1a: Jellicent|99/100|[from] item: Leftovers
|-heal|p2a: The Ooze|82/100 tox|[from] item: Leftovers
|-damage|p2a: The Ooze|76/100 tox|[from] psn
|upkeep
|turn|13
|
|move|p1a: Jellicent|Shadow Ball|p2a: The Ooze
|-damage|p2a: The Ooze|60/100 tox
|-unboost|p2a: The Ooze|spd|1
|move|p2a: The Ooze|Sludge Wave|p1a: Jellicent
|-resisted|p1a: Jellicent
|-crit|p1a: Jellicent
|-damage|p1a: Jellicent|89/100
|
|-heal|p1a: Jellicent|95/100|[from] item: Leftovers
|-heal|p2a: The Ooze|66/100 tox|[from] item: Leftovers
|-damage|p2a: The Ooze|54/100 tox|[from] psn
|upkeep
|turn|14
|
|switch|p2a: Cerberus|Hydreigon, M|100/100
|move|p1a: Jellicent|Shadow Ball|p2a: Cerberus
|-resisted|p2a: Cerberus
|-damage|p2a: Cerberus|86/100
|-unboost|p2a: Cerberus|spd|1
|
|-heal|p1a: Jellicent|100/100|[from] item: Leftovers
|upkeep
|turn|15
|
|switch|p1a: Mandibuzz|Mandibuzz, F|100/100
|move|p2a: Cerberus|Dark Pulse|p1a: Mandibuzz
|-resisted|p1a: Mandibuzz
|-damage|p1a: Mandibuzz|84/100
|
|upkeep
|turn|16
|
|switch|p2a: The Ooze|Gastrodon-East, M|54/100 tox
|move|p1a: Mandibuzz|Toxic|p2a: The Ooze
|-fail|p2a: The Ooze|tox
|
|-heal|p2a: The Ooze|60/100 tox|[from] item: Leftovers
|-damage|p2a: The Ooze|54/100 tox|[from] psn
|upkeep
|turn|17
|
|move|p1a: Mandibuzz|Taunt|p2a: The Ooze
|-start|p2a: The Ooze|move: Taunt
|move|p2a: The Ooze|Sludge Wave|p1a: Mandibuzz
|-damage|p1a: Mandibuzz|66/100
|
|-heal|p2a: The Ooze|60/100 tox|[from] item: Leftovers
|-damage|p2a: The Ooze|48/100 tox|[from] psn
|upkeep
|turn|18
|
|move|p1a: Mandibuzz|Roost|p1a: Mandibuzz
|-heal|p1a: Mandibuzz|100/100
|-singleturn|p1a: Mandibuzz|move: Roost
|move|p2a: The Ooze|Sludge Wave|p1a: Mandibuzz
|-damage|p1a: Mandibuzz|85/100
|
|-heal|p2a: The Ooze|54/100 tox|[from] item: Leftovers
|-damage|p2a: The Ooze|35/100 tox|[from] psn
|upkeep
|turn|19
|
|move|p1a: Mandibuzz|Foul Play|p2a: The Ooze
|-damage|p2a: The Ooze|12/100 tox
|move|p2a: The Ooze|Sludge Wave|p1a: Mandibuzz
|-damage|p1a: Mandibuzz|68/100
|-status|p1a: Mandibuzz|psn
|
|-heal|p2a: The Ooze|18/100 tox|[from] item: Leftovers
|-damage|p1a: Mandibuzz|56/100 psn|[from] psn
|-damage|p2a: The Ooze|0 fnt|[from] psn
|faint|p2a: The Ooze
|upkeep
|
|switch|p2a: Triple Dicklett|Dugtrio, F|100/100
|turn|20
|
|move|p2a: Triple Dicklett|Stone Edge|p1a: Mandibuzz
|-supereffective|p1a: Mandibuzz
|-damage|p1a: Mandibuzz|22/100 psn
|move|p1a: Mandibuzz|Toxic|p2a: Triple Dicklett
|-status|p2a: Triple Dicklett|tox
|
|-damage|p2a: Triple Dicklett|94/100 tox|[from] psn
|-damage|p1a: Mandibuzz|10/100 psn|[from] psn
|upkeep
|turn|21
|
|switch|p1a: Sirfetch'd|Sirfetch'd, F|55/100
|move|p2a: Triple Dicklett|Stone Edge|p1a: Sirfetch'd|[miss]
|-miss|p2a: Triple Dicklett|p1a: Sirfetch'd
|
|-damage|p2a: Triple Dicklett|82/100 tox|[from] psn
|upkeep
|turn|22
|
|switch|p2a: Excali-bird|Corviknight, M|85/100
|-ability|p2a: Excali-bird|Pressure
|move|p1a: Sirfetch'd|Close Combat|p2a: Excali-bird
|-damage|p2a: Excali-bird|16/100
|-unboost|p1a: Sirfetch'd|def|1
|-unboost|p1a: Sirfetch'd|spd|1
|-damage|p1a: Sirfetch'd|45/100|[from] item: Life Orb
|
|-heal|p2a: Excali-bird|23/100|[from] item: Leftovers
|upkeep
|turn|23
|
|switch|p1a: Cinderace|Cinderace, F|100/100
|move|p2a: Excali-bird|Roost|p2a: Excali-bird
|-heal|p2a: Excali-bird|73/100
|-singleturn|p2a: Excali-bird|move: Roost
|
|-heal|p2a: Excali-bird|79/100|[from] item: Leftovers
|upkeep
|turn|24
|
|switch|p2a: Cerberus|Hydreigon, M|86/100
|move|p1a: Cinderace|Pyro Ball|p2a: Cerberus
|-resisted|p2a: Cerberus
|-damage|p2a: Cerberus|54/100
|
|upkeep
|turn|25
|
|switch|p1a: Jellicent|Jellicent, F|100/100
|move|p2a: Cerberus|Draco Meteor|p1a: Jellicent
|-crit|p1a: Jellicent
|-damage|p1a: Jellicent|45/100
|-unboost|p2a: Cerberus|spa|2
|
|-heal|p1a: Jellicent|51/100|[from] item: Leftovers
|upkeep
|turn|26
|
|switch|p2a: Fletchette|Dragapult, F|100/100
|move|p1a: Jellicent|Recover|p1a: Jellicent
|-heal|p1a: Jellicent|100/100
|
|upkeep
|turn|27
|
|move|p2a: Fletchette|Phantom Force||[still]
|-prepare|p2a: Fletchette|Phantom Force|p1a: Jellicent
|move|p1a: Jellicent|Shadow Ball|p2a: Fletchette|[miss]
|-miss|p1a: Jellicent|p2a: Fletchette
|
|upkeep
|turn|28
|
|switch|p1a: Mandibuzz|Mandibuzz, F|10/100 psn
|move|p2a: Fletchette|Phantom Force|p1a: Mandibuzz|[from]lockedmove
|-resisted|p1a: Mandibuzz
|-damage|p1a: Mandibuzz|0 fnt
|-damage|p2a: Fletchette|84/100|[from] item: Rocky Helmet|[of] p1a: Mandibuzz
|-damage|p2a: Fletchette|74/100|[from] item: Life Orb
|faint|p1a: Mandibuzz
|
|upkeep
|
|switch|p1a: Mamoswine|Mamoswine, F|84/100
|turn|29
|
|switch|p2a: Triple Dicklett|Dugtrio, F|82/100 tox
|move|p1a: Mamoswine|Icicle Crash|p2a: Triple Dicklett
|-supereffective|p2a: Triple Dicklett
|-damage|p2a: Triple Dicklett|0 fnt
|faint|p2a: Triple Dicklett
|
|upkeep
|
|switch|p2a: Liberotard|Cinderace, F|84/100
|turn|30
|
|switch|p1a: Cinderace|Cinderace, F|100/100
|move|p2a: Liberotard|Pyro Ball|p1a: Cinderace
|-resisted|p1a: Cinderace
|-damage|p1a: Cinderace|61/100
|
|upkeep
|turn|31
|inactive|SroudDuors has 120 seconds left.
|
|move|p1a: Cinderace|Gunk Shot|p2a: Liberotard
|-damage|p2a: Liberotard|27/100
|move|p2a: Liberotard|Pyro Ball|p1a: Cinderace
|-resisted|p1a: Cinderace
|-damage|p1a: Cinderace|0 fnt
|faint|p1a: Cinderace
|
|upkeep
|
|switch|p1a: Mamoswine|Mamoswine, F|84/100
|turn|32
|
|move|p1a: Mamoswine|Earthquake|p2a: Liberotard
|-supereffective|p2a: Liberotard
|-damage|p2a: Liberotard|0 fnt
|faint|p2a: Liberotard
|
|upkeep
|
|switch|p2a: Cerberus|Hydreigon, M|54/100
|turn|33
|inactive|SroudDuors has 120 seconds left.
|inactive|Jiibriil has 120 seconds left.
|inactive|Jiibriil has 90 seconds left.
|inactive|Jiibriil has 60 seconds left.
|inactive|Jiibriil has 30 seconds left.
|inactive|Jiibriil has 20 seconds left.
|
|switch|p1a: Sirfetch'd|Sirfetch'd, F|45/100
|move|p2a: Cerberus|Dark Pulse|p1a: Sirfetch'd
|-resisted|p1a: Sirfetch'd
|-damage|p1a: Sirfetch'd|22/100
|
|upkeep
|turn|34
|inactive|Jiibriil has 30 seconds left this turn.
|inactive|SroudDuors has 120 seconds left.
|
|move|p1a: Sirfetch'd|First Impression|p2a: Cerberus
|-supereffective|p2a: Cerberus
|-damage|p2a: Cerberus|0 fnt
|-damage|p1a: Sirfetch'd|12/100|[from] item: Life Orb
|faint|p2a: Cerberus
|
|upkeep
|inactive|Jiibriil has 30 seconds left this turn.
|
|switch|p2a: Excali-bird|Corviknight, M|79/100
|-ability|p2a: Excali-bird|Pressure
|turn|35
|
|move|p2a: Excali-bird|Brave Bird|p1a: Sirfetch'd
|-supereffective|p1a: Sirfetch'd
|-damage|p1a: Sirfetch'd|0 fnt
|-damage|p2a: Excali-bird|76/100|[from] Recoil
|faint|p1a: Sirfetch'd
|
|-heal|p2a: Excali-bird|82/100|[from] item: Leftovers
|upkeep
|inactive|SroudDuors has 120 seconds left.
|
|switch|p1a: Hatterene|Hatterene, F|66/100
|turn|36
|
|move|p2a: Excali-bird|Substitute|p2a: Excali-bird
|-start|p2a: Excali-bird|Substitute
|-damage|p2a: Excali-bird|57/100
|move|p1a: Hatterene|Trick Room|p1a: Hatterene
|-fieldstart|move: Trick Room|[of] p1a: Hatterene
|
|-heal|p1a: Hatterene|72/100|[from] item: Leftovers
|-heal|p2a: Excali-bird|63/100|[from] item: Leftovers
|upkeep
|turn|37
|
|move|p1a: Hatterene|Mystical Fire|p2a: Excali-bird
|-supereffective|p2a: Excali-bird
|-end|p2a: Excali-bird|Substitute
|move|p2a: Excali-bird|Roost|p2a: Excali-bird
|-heal|p2a: Excali-bird|100/100
|-singleturn|p2a: Excali-bird|move: Roost
|
|-heal|p1a: Hatterene|78/100|[from] item: Leftovers
|upkeep
|turn|38
|inactive|Jiibriil has 30 seconds left.
|inactive|Jiibriil has 20 seconds left.
|inactive|Jiibriil has 15 seconds left.
|
|move|p1a: Hatterene|Mystical Fire|p2a: Excali-bird
|-supereffective|p2a: Excali-bird
|-crit|p2a: Excali-bird
|-damage|p2a: Excali-bird|35/100
|-unboost|p2a: Excali-bird|spa|1
|move|p2a: Excali-bird|Bulk Up|p2a: Excali-bird
|-boost|p2a: Excali-bird|atk|1
|-boost|p2a: Excali-bird|def|1
|
|-heal|p1a: Hatterene|84/100|[from] item: Leftovers
|-heal|p2a: Excali-bird|41/100|[from] item: Leftovers
|upkeep
|turn|39
|inactive|Jiibriil has 25 seconds left this turn.
|
|move|p1a: Hatterene|Mystical Fire|p2a: Excali-bird
|-supereffective|p2a: Excali-bird
|-damage|p2a: Excali-bird|0 fnt
|faint|p2a: Excali-bird
|
|-heal|p1a: Hatterene|90/100|[from] item: Leftovers
|upkeep
|inactive|Jiibriil has 30 seconds left this turn.
|c|☆Jiibriil|that crit
|
|switch|p2a: Fletchette|Dragapult, F|74/100
|turn|40
|
|move|p1a: Hatterene|Draining Kiss|p2a: Fletchette
|-supereffective|p2a: Fletchette
|-damage|p2a: Fletchette|0 fnt
|-heal|p1a: Hatterene|100/100|[from] drain|[of] p2a: Fletchette
|faint|p2a: Fletchette
|
|win|SroudDuors
|raw|SroudDuors's rating: 1461 → 1485(+24 for winning)
|raw|Jiibriil's rating: 1524 → 1501(-23 for losing)
|l|☆Jiibriil
