|ScrapeTime|2020-01-02-00:46:48
|j|☆Orekeeper
|j|☆Fidgetspinnermaste
|player|p1|Orekeeper|pokemaniac|1030
|player|p2|Fidgetspinnermaste|266|1030
|teamsize|p1|6
|teamsize|p2|6
|gametype|singles
|gen|8
|tier|[Gen 8] OU
|rated|
|rule|Sleep Clause Mod: Limit one foe put to sleep
|rule|Species Clause: Limit one of each Pokémon
|rule|OHKO Clause: OHKO moves are banned
|rule|Evasion Moves Clause: Evasion moves are banned
|rule|Endless Battle Clause: Forcing endless battles is banned
|rule|HP Percentage Mod: HP is shown in percentages
|clearpoke
|poke|p1|Appletun, M|
|poke|p1|Quagsire, M|
|poke|p1|Avalugg, M|
|poke|p1|Dracozolt|
|poke|p1|Togekiss, F|
|poke|p1|Coalossal, F|
|poke|p2|Umbreon, F|
|poke|p2|Barraskewda, F|
|poke|p2|Accelgor, F|
|poke|p2|Excadrill, M|
|poke|p2|Bellossom, F|
|poke|p2|Mimikyu, M|
|rule|Dynamax Clause: You cannot dynamax
|teampreview
|
|start
|switch|p1a: Hershle|Togekiss, F|100/100
|switch|p2a: Accelgor|Accelgor, F|100/100
|turn|1
|
|move|p2a: Accelgor|Toxic|p1a: Hershle
|-status|p1a: Hershle|tox
|move|p1a: Hershle|Aerial Ace|p2a: Accelgor
|-supereffective|p2a: Accelgor
|-enditem|p2a: Accelgor|Focus Sash
|-damage|p2a: Accelgor|1/100
|
|-damage|p1a: Hershle|94/100 tox|[from] psn
|upkeep
|turn|2
|
|switch|p2a: Excadrill|Excadrill, M|100/100
|-ability|p2a: Excadrill|Mold Breaker
|move|p1a: Hershle|Extreme Speed|p2a: Excadrill
|-resisted|p2a: Excadrill
|-damage|p2a: Excadrill|84/100
|
|-damage|p1a: Hershle|82/100 tox|[from] psn
|upkeep
|turn|3
|
|switch|p1a: Desire|Quagsire, M|100/100
|move|p2a: Excadrill|Iron Head|p1a: Desire
|-resisted|p1a: Desire
|-damage|p1a: Desire|81/100
|
|upkeep
|turn|4
|
|switch|p2a: Bellossom|Bellossom, F|100/100
|move|p1a: Desire|Aqua Tail|p2a: Bellossom
|-resisted|p2a: Bellossom
|-damage|p2a: Bellossom|72/100
|
|-heal|p2a: Bellossom|78/100|[from] item: Leftovers
|upkeep
|turn|5
|
|switch|p1a: Granny’s Myth|Appletun, M, shiny|100/100
|move|p2a: Bellossom|Quiver Dance|p2a: Bellossom
|-boost|p2a: Bellossom|spa|1
|-boost|p2a: Bellossom|spd|1
|-boost|p2a: Bellossom|spe|1
|
|-heal|p2a: Bellossom|84/100|[from] item: Leftovers
|upkeep
|turn|6
|
|move|p2a: Bellossom|Quiver Dance|p2a: Bellossom
|-boost|p2a: Bellossom|spa|1
|-boost|p2a: Bellossom|spd|1
|-boost|p2a: Bellossom|spe|1
|move|p1a: Granny’s Myth|Iron Defense|p1a: Granny’s Myth
|-boost|p1a: Granny’s Myth|def|2
|
|-heal|p2a: Bellossom|90/100|[from] item: Leftovers
|upkeep
|turn|7
|
|move|p2a: Bellossom|Sludge Bomb|p1a: Granny’s Myth
|-supereffective|p1a: Granny’s Myth
|-damage|p1a: Granny’s Myth|26/100
|-status|p1a: Granny’s Myth|psn
|move|p1a: Granny’s Myth|Apple Acid|p2a: Bellossom
|-resisted|p2a: Bellossom
|-damage|p2a: Bellossom|83/100
|-unboost|p2a: Bellossom|spd|1
|
|-heal|p2a: Bellossom|89/100|[from] item: Leftovers
|-damage|p1a: Granny’s Myth|14/100 psn|[from] psn
|upkeep
|-enditem|p1a: Granny’s Myth|Apicot Berry|[eat]
|-boost|p1a: Granny’s Myth|spd|2
|turn|8
|
|move|p2a: Bellossom|Sludge Bomb|p1a: Granny’s Myth
|-supereffective|p1a: Granny’s Myth
|-damage|p1a: Granny’s Myth|0 fnt
|faint|p1a: Granny’s Myth
|
|-heal|p2a: Bellossom|95/100|[from] item: Leftovers
|upkeep
|inactive|Battle timer is ON: inactive players will automatically lose when time's up. (requested by Fidgetspinnermaste)
|
|switch|p1a: Popcorn Lung|Coalossal, F|100/100
|turn|9
|
|move|p2a: Bellossom|Moonblast|p1a: Popcorn Lung
|-resisted|p1a: Popcorn Lung
|-damage|p1a: Popcorn Lung|79/100
|move|p1a: Popcorn Lung|Fire Blast|p2a: Bellossom
|-supereffective|p2a: Bellossom
|-damage|p2a: Bellossom|39/100
|
|-heal|p2a: Bellossom|45/100|[from] item: Leftovers
|upkeep
|turn|10
|
|move|p2a: Bellossom|Giga Drain|p1a: Popcorn Lung
|-damage|p1a: Popcorn Lung|30/100
|-heal|p2a: Bellossom|74/100|[from] drain|[of] p1a: Popcorn Lung
|move|p1a: Popcorn Lung|Fire Blast|p2a: Bellossom
|-supereffective|p2a: Bellossom
|-damage|p2a: Bellossom|18/100
|
|-heal|p2a: Bellossom|24/100|[from] item: Leftovers
|upkeep
|turn|11
|
|switch|p1a: Pina Colada|Dracozolt|100/100
|move|p2a: Bellossom|Giga Drain|p1a: Pina Colada
|-resisted|p1a: Pina Colada
|-damage|p1a: Pina Colada|52/100
|-heal|p2a: Bellossom|50/100|[from] drain|[of] p1a: Pina Colada
|
|-heal|p2a: Bellossom|57/100|[from] item: Leftovers
|upkeep
|turn|12
|
|move|p1a: Pina Colada|Bolt Beak|p2a: Bellossom
|-resisted|p2a: Bellossom
|-damage|p2a: Bellossom|2/100
|move|p2a: Bellossom|Moonblast|p1a: Pina Colada
|-supereffective|p1a: Pina Colada
|-damage|p1a: Pina Colada|0 fnt
|faint|p1a: Pina Colada
|
|-heal|p2a: Bellossom|8/100|[from] item: Leftovers
|upkeep
|
|switch|p1a: Hershle|Togekiss, F|82/100 tox
|turn|13
|
|move|p1a: Hershle|Extreme Speed|p2a: Bellossom
|-damage|p2a: Bellossom|0 fnt
|faint|p2a: Bellossom
|
|-damage|p1a: Hershle|76/100 tox|[from] psn
|upkeep
|
|switch|p2a: Barraskewda|Barraskewda, F|100/100
|turn|14
|
|move|p2a: Barraskewda|Liquidation|p1a: Hershle
|-damage|p1a: Hershle|0 fnt
|faint|p1a: Hershle
|
|upkeep
|
|switch|p1a: Yellow Snow|Avalugg, M, shiny|100/100
|turn|15
|
|switch|p2a: Excadrill|Excadrill, M|84/100
|-ability|p2a: Excadrill|Mold Breaker
|move|p1a: Yellow Snow|Hail|p1a: Yellow Snow
|-weather|Hail
|
|-weather|Hail|[upkeep]
|-damage|p2a: Excadrill|78/100|[from] Hail
|upkeep
|turn|16
|
|move|p2a: Excadrill|Swords Dance|p2a: Excadrill
|-boost|p2a: Excadrill|atk|2
|move|p1a: Yellow Snow|Iron Defense|p1a: Yellow Snow
|-boost|p1a: Yellow Snow|def|2
|
|-weather|Hail|[upkeep]
|-damage|p2a: Excadrill|72/100|[from] Hail
|upkeep
|turn|17
|
|move|p2a: Excadrill|Iron Head|p1a: Yellow Snow
|-supereffective|p1a: Yellow Snow
|-damage|p1a: Yellow Snow|68/100
|move|p1a: Yellow Snow|Iron Defense|p1a: Yellow Snow
|-boost|p1a: Yellow Snow|def|2
|
|-weather|Hail|[upkeep]
|-damage|p2a: Excadrill|66/100|[from] Hail
|-heal|p1a: Yellow Snow|74/100|[from] ability: Ice Body
|-heal|p1a: Yellow Snow|80/100|[from] item: Leftovers
|upkeep
|turn|18
|
|move|p2a: Excadrill|Iron Head|p1a: Yellow Snow
|-supereffective|p1a: Yellow Snow
|-damage|p1a: Yellow Snow|57/100
|move|p1a: Yellow Snow|Body Press|p2a: Excadrill
|-supereffective|p2a: Excadrill
|-damage|p2a: Excadrill|0 fnt
|faint|p2a: Excadrill
|
|-weather|Hail|[upkeep]
|-heal|p1a: Yellow Snow|63/100|[from] ability: Ice Body
|-heal|p1a: Yellow Snow|70/100|[from] item: Leftovers
|upkeep
|
|switch|p2a: Accelgor|Accelgor, F|1/100
|turn|19
|
|move|p2a: Accelgor|Toxic|p1a: Yellow Snow
|-status|p1a: Yellow Snow|tox
|move|p1a: Yellow Snow|Aurora Veil|p1a: Yellow Snow
|-sidestart|p1: Orekeeper|move: Aurora Veil
|
|-weather|none
|-heal|p1a: Yellow Snow|76/100 tox|[from] item: Leftovers
|-damage|p1a: Yellow Snow|70/100 tox|[from] psn
|upkeep
|turn|20
|
|move|p2a: Accelgor|Toxic Spikes|p1a: Yellow Snow
|-sidestart|p1: Orekeeper|move: Toxic Spikes
|move|p1a: Yellow Snow|Hail|p1a: Yellow Snow
|-weather|Hail
|
|-weather|Hail|[upkeep]
|-damage|p2a: Accelgor|0 fnt|[from] Hail
|-heal|p1a: Yellow Snow|76/100 tox|[from] ability: Ice Body
|faint|p2a: Accelgor
|-heal|p1a: Yellow Snow|82/100 tox|[from] item: Leftovers
|-damage|p1a: Yellow Snow|70/100 tox|[from] psn
|upkeep
|
|switch|p2a: Umbreon|Umbreon, F|100/100
|turn|21
|
|move|p2a: Umbreon|Mean Look|p1a: Yellow Snow
|-activate|p1a: Yellow Snow|trapped
|move|p1a: Yellow Snow|Body Press|p2a: Umbreon
|-supereffective|p2a: Umbreon
|-damage|p2a: Umbreon|0 fnt
|faint|p2a: Umbreon
|
|-weather|Hail|[upkeep]
|-heal|p1a: Yellow Snow|76/100 tox|[from] ability: Ice Body
|-heal|p1a: Yellow Snow|82/100 tox|[from] item: Leftovers
|-damage|p1a: Yellow Snow|63/100 tox|[from] psn
|upkeep
|
|switch|p2a: Mimikyu|Mimikyu, M|100/100
|turn|22
|
|switch|p1a: Popcorn Lung|Coalossal, F|30/100
|-status|p1a: Popcorn Lung|psn
|move|p2a: Mimikyu|Swords Dance|p2a: Mimikyu
|-boost|p2a: Mimikyu|atk|2
|
|-weather|Hail|[upkeep]
|-damage|p2a: Mimikyu|95/100|[from] Hail
|-damage|p1a: Popcorn Lung|24/100 psn|[from] Hail
|-damage|p1a: Popcorn Lung|11/100 psn|[from] psn
|upkeep
|turn|23
|
|move|p2a: Mimikyu|Shadow Sneak|p1a: Popcorn Lung
|-damage|p1a: Popcorn Lung|0 fnt
|-damage|p2a: Mimikyu|85/100|[from] item: Life Orb
|faint|p1a: Popcorn Lung
|
|-weather|Hail|[upkeep]
|-damage|p2a: Mimikyu|79/100|[from] Hail
|-sideend|p1: Orekeeper|move: Aurora Veil
|upkeep
|
|switch|p1a: Desire|Quagsire, M|81/100
|-status|p1a: Desire|psn
|turn|24
|
|move|p2a: Mimikyu|Play Rough|p1a: Desire|[miss]
|-miss|p2a: Mimikyu|p1a: Desire
|move|p1a: Desire|Earthquake|p2a: Mimikyu
|-activate|p2a: Mimikyu|ability: Disguise
|-damage|p2a: Mimikyu|79/100
|detailschange|p2a: Mimikyu|Mimikyu-Busted, M
|-damage|p2a: Mimikyu|66/100|[from] ability: Disguise|[of] p2a: Mimikyu
|
|-weather|none
|-damage|p1a: Desire|69/100 psn|[from] psn
|upkeep
|turn|25
|
|move|p2a: Mimikyu|Play Rough|p1a: Desire
|-damage|p1a: Desire|23/100 psn
|-damage|p2a: Mimikyu|56/100|[from] item: Life Orb
|move|p1a: Desire|Earthquake|p2a: Mimikyu
|-damage|p2a: Mimikyu|0 fnt
|faint|p2a: Mimikyu
|
|-damage|p1a: Desire|10/100 psn|[from] psn
|upkeep
|
|switch|p2a: Barraskewda|Barraskewda, F|100/100
|turn|26
|
|move|p2a: Barraskewda|Close Combat|p1a: Desire
|-damage|p1a: Desire|0 fnt
|-unboost|p2a: Barraskewda|def|1
|-unboost|p2a: Barraskewda|spd|1
|faint|p1a: Desire
|
|upkeep
|
|switch|p1a: Yellow Snow|Avalugg, M, shiny|63/100 tox
|turn|27
|
|move|p2a: Barraskewda|Close Combat|p1a: Yellow Snow
|-supereffective|p1a: Yellow Snow
|-damage|p1a: Yellow Snow|18/100 tox
|-unboost|p2a: Barraskewda|def|1
|-unboost|p2a: Barraskewda|spd|1
|move|p1a: Yellow Snow|Body Press|p2a: Barraskewda
|-damage|p2a: Barraskewda|0 fnt
|faint|p2a: Barraskewda
|
|win|Orekeeper
|l|☆Fidgetspinnermaste
|raw|Orekeeper's rating: 1030 → 1065(+35 for winning)
|raw|Fidgetspinnermaste's rating: 1030 → 1016(-14 for losing)
