|ScrapeTime|2020-01-02-05:06:33
|j|☆basefb
|j|☆quaser
|player|p1|basefb|233|1157
|player|p2|quaser|wally|1149
|teamsize|p1|6
|teamsize|p2|6
|gametype|singles
|gen|8
|tier|[Gen 8] OU
|rated|
|rule|Sleep Clause Mod: Limit one foe put to sleep
|rule|Species Clause: Limit one of each Pokémon
|rule|OHKO Clause: OHKO moves are banned
|rule|Evasion Moves Clause: Evasion moves are banned
|rule|Endless Battle Clause: Forcing endless battles is banned
|rule|HP Percentage Mod: HP is shown in percentages
|clearpoke
|poke|p1|Flareon, M|
|poke|p1|Excadrill, F|
|poke|p1|Clefable, F|
|poke|p1|Corsola-Galar, M|
|poke|p1|Mandibuzz, F|
|poke|p1|Seismitoad, F|
|poke|p2|Morpeko, M|
|poke|p2|Beartic, M|
|poke|p2|Vanilluxe, F|
|poke|p2|Ferrothorn, M|
|poke|p2|Cinderace, M|
|poke|p2|Seismitoad, M|
|rule|Dynamax Clause: You cannot dynamax
|teampreview
|
|start
|switch|p1a: Clefable|Clefable, F|100/100
|switch|p2a: Cinderace|Cinderace, M|100/100
|turn|1
|
|switch|p1a: Flareon|Flareon, M|100/100
|move|p2a: Cinderace|Gunk Shot|p1a: Flareon
|-damage|p1a: Flareon|12/100
|-status|p1a: Flareon|psn
|
|-damage|p1a: Flareon|0 fnt|[from] psn
|faint|p1a: Flareon
|upkeep
|
|switch|p1a: Seismitoad|Seismitoad, F|100/100
|turn|2
|
|switch|p2a: Seismitoad|Seismitoad, M|100/100
|move|p1a: Seismitoad|Stealth Rock|p2a: Seismitoad
|-sidestart|p2: quaser|move: Stealth Rock
|
|upkeep
|turn|3
|
|move|p2a: Seismitoad|Grass Knot|p1a: Seismitoad
|-supereffective|p1a: Seismitoad
|-damage|p1a: Seismitoad|31/100
|move|p1a: Seismitoad|Toxic|p2a: Seismitoad
|-status|p2a: Seismitoad|tox
|
|-heal|p1a: Seismitoad|37/100|[from] item: Leftovers
|-damage|p2a: Seismitoad|94/100 tox|[from] psn
|upkeep
|turn|4
|
|switch|p1a: Clefable|Clefable, F|100/100
|move|p2a: Seismitoad|Grass Knot|p1a: Clefable
|-damage|p1a: Clefable|88/100
|
|-heal|p2a: Seismitoad|100/100 tox|[from] item: Leftovers
|-damage|p2a: Seismitoad|88/100 tox|[from] psn
|upkeep
|turn|5
|
|switch|p2a: Cinderace|Cinderace, M|100/100
|-damage|p2a: Cinderace|76/100|[from] Stealth Rock
|move|p1a: Clefable|Moonblast|p2a: Cinderace
|-resisted|p2a: Cinderace
|-damage|p2a: Cinderace|34/100
|
|upkeep
|turn|6
|
|switch|p1a: Mandibuzz|Mandibuzz, F|100/100
|move|p2a: Cinderace|Pyro Ball|p1a: Mandibuzz
|-damage|p1a: Mandibuzz|8/100
|
|upkeep
|turn|7
|
|switch|p1a: Corsola|Corsola-Galar, M|100/100
|move|p2a: Cinderace|Pyro Ball|p1a: Corsola
|-damage|p1a: Corsola|30/100
|
|upkeep
|turn|8
|
|move|p2a: Cinderace|Pyro Ball|p1a: Corsola
|-crit|p1a: Corsola
|-damage|p1a: Corsola|0 fnt
|faint|p1a: Corsola
|
|upkeep
|
|switch|p1a: Clefable|Clefable, F|88/100
|turn|9
|
|move|p2a: Cinderace|Pyro Ball|p1a: Clefable
|-damage|p1a: Clefable|0 fnt
|faint|p1a: Clefable
|
|upkeep
|c|☆basefb|gg
|-message|basefb forfeited.
|
|win|quaser
|c|☆quaser|gg
|l|☆basefb
|raw|basefb's rating: 1157 → 1131(-26 for losing)
|raw|quaser's rating: 1149 → 1175(+26 for winning)
