|ScrapeTime|2020-01-01-17:15:32
|j|☆VDVATSAL
|j|☆tecnico-de-ti
|player|p1|VDVATSAL|262|1081
|player|p2|tecnico-de-ti|2|1077
|teamsize|p1|6
|teamsize|p2|6
|gametype|singles
|gen|8
|tier|[Gen 8] OU
|rated|
|rule|Sleep Clause Mod: Limit one foe put to sleep
|rule|Species Clause: Limit one of each Pokémon
|rule|OHKO Clause: OHKO moves are banned
|rule|Evasion Moves Clause: Evasion moves are banned
|rule|Endless Battle Clause: Forcing endless battles is banned
|rule|HP Percentage Mod: HP is shown in percentages
|clearpoke
|poke|p1|Cinderace, M|
|poke|p1|Dragapult, F|
|poke|p1|Grimmsnarl, M|
|poke|p1|Toxtricity, M|
|poke|p1|Dracovish|
|poke|p1|Excadrill, M|
|poke|p2|Gyarados, F|
|poke|p2|Hawlucha, F|
|poke|p2|Toxtricity, F|
|poke|p2|Mandibuzz, F|
|poke|p2|Goodra, M|
|poke|p2|Corsola-Galar, F|
|rule|Dynamax Clause: You cannot dynamax
|teampreview
|inactive|Battle timer is ON: inactive players will automatically lose when time's up. (requested by VDVATSAL)
|
|start
|switch|p1a: Toxtricity|Toxtricity, M|100/100
|switch|p2a: Goodra|Goodra, M|100/100
|turn|1
|
|switch|p1a: Grimmsnarl|Grimmsnarl, M|100/100
|move|p2a: Goodra|Dragon Pulse|p1a: Grimmsnarl
|-immune|p1a: Grimmsnarl
|
|upkeep
|turn|2
|
|switch|p2a: Toxtricity|Toxtricity, F|100/100
|move|p1a: Grimmsnarl|Bulk Up|p1a: Grimmsnarl
|-boost|p1a: Grimmsnarl|atk|1
|-boost|p1a: Grimmsnarl|def|1
|
|upkeep
|turn|3
|
|move|p2a: Toxtricity|Boomburst|p1a: Grimmsnarl
|-damage|p1a: Grimmsnarl|41/100
|move|p1a: Grimmsnarl|Darkest Lariat|p2a: Toxtricity
|-damage|p2a: Toxtricity|0 fnt
|faint|p2a: Toxtricity
|
|-heal|p1a: Grimmsnarl|47/100|[from] item: Leftovers
|upkeep
|
|switch|p2a: Mandibuzz|Mandibuzz, F|100/100
|turn|4
|
|move|p1a: Grimmsnarl|Thunder Wave|p2a: Mandibuzz
|-hint|Since gen 7, Dark is immune to Prankster moves.
|-immune|p2a: Mandibuzz
|move|p2a: Mandibuzz|Knock Off|p1a: Grimmsnarl
|-resisted|p1a: Grimmsnarl
|-damage|p1a: Grimmsnarl|43/100
|-enditem|p1a: Grimmsnarl|Leftovers|[from] move: Knock Off|[of] p2a: Mandibuzz
|
|upkeep
|turn|5
|
|move|p2a: Mandibuzz|Taunt|p1a: Grimmsnarl
|-start|p1a: Grimmsnarl|move: Taunt
|move|p1a: Grimmsnarl|Spirit Break|p2a: Mandibuzz
|-supereffective|p2a: Mandibuzz
|-damage|p2a: Mandibuzz|11/100
|-unboost|p2a: Mandibuzz|spa|1
|
|upkeep
|turn|6
|
|move|p2a: Mandibuzz|Knock Off|p1a: Grimmsnarl
|-resisted|p1a: Grimmsnarl
|-damage|p1a: Grimmsnarl|39/100
|move|p1a: Grimmsnarl|Spirit Break|p2a: Mandibuzz
|-supereffective|p2a: Mandibuzz
|-damage|p2a: Mandibuzz|0 fnt
|faint|p2a: Mandibuzz
|
|upkeep
|
|switch|p2a: Hawlucha|Hawlucha, F|100/100
|turn|7
|
|move|p2a: Hawlucha|Substitute|p2a: Hawlucha
|-start|p2a: Hawlucha|Substitute
|-damage|p2a: Hawlucha|76/100
|move|p1a: Grimmsnarl|Spirit Break|p2a: Hawlucha
|-supereffective|p2a: Hawlucha
|-end|p2a: Hawlucha|Substitute
|
|-end|p1a: Grimmsnarl|move: Taunt
|upkeep
|turn|8
|
|move|p1a: Grimmsnarl|Thunder Wave|p2a: Hawlucha|[miss]
|-miss|p1a: Grimmsnarl|p2a: Hawlucha
|move|p2a: Hawlucha|High Jump Kick|p1a: Grimmsnarl
|-damage|p1a: Grimmsnarl|0 fnt
|faint|p1a: Grimmsnarl
|
|upkeep
|
|switch|p1a: Toxtricity|Toxtricity, M|100/100
|turn|9
|
|switch|p2a: Goodra|Goodra, M|100/100
|move|p1a: Toxtricity|Thunderbolt|p2a: Goodra
|-resisted|p2a: Goodra
|-damage|p2a: Goodra|89/100
|-damage|p1a: Toxtricity|91/100|[from] item: Life Orb
|
|upkeep
|turn|10
|
|move|p1a: Toxtricity|Toxic|p2a: Goodra
|-status|p2a: Goodra|tox
|move|p2a: Goodra|Flamethrower|p1a: Toxtricity
|-damage|p1a: Toxtricity|41/100
|
|-damage|p2a: Goodra|83/100 tox|[from] psn
|upkeep
|turn|11
|
|switch|p1a: Cinderace|Cinderace, M|100/100
|move|p2a: Goodra|Ice Beam|p1a: Cinderace
|-resisted|p1a: Cinderace
|-damage|p1a: Cinderace|79/100
|
|-heal|p1a: Cinderace|85/100|[from] item: Leftovers
|-damage|p2a: Goodra|71/100 tox|[from] psn
|upkeep
|turn|12
|
|switch|p2a: Corsola|Corsola-Galar, F|100/100
|move|p1a: Cinderace|Pyro Ball|p2a: Corsola
|-damage|p2a: Corsola|69/100
|
|-heal|p1a: Cinderace|91/100|[from] item: Leftovers
|upkeep
|turn|13
|
|move|p1a: Cinderace|U-turn|p2a: Corsola
|-resisted|p2a: Corsola
|-damage|p2a: Corsola|63/100
|
|switch|p1a: Toxtricity|Toxtricity, M|41/100|[from]move: U-turn
|move|p2a: Corsola|Strength Sap|p1a: Toxtricity
|-unboost|p1a: Toxtricity|atk|1
|-heal|p2a: Corsola|100/100
|
|upkeep
|turn|14
|
|switch|p2a: Goodra|Goodra, M|71/100 tox
|move|p1a: Toxtricity|Toxic|p2a: Goodra
|-fail|p2a: Goodra|tox
|
|-damage|p2a: Goodra|65/100 tox|[from] psn
|upkeep
|turn|15
|
|switch|p1a: Excadrill|Excadrill, M|100/100
|-ability|p1a: Excadrill|Mold Breaker
|move|p2a: Goodra|Dragon Pulse|p1a: Excadrill
|-resisted|p1a: Excadrill
|-crit|p1a: Excadrill
|-damage|p1a: Excadrill|54/100
|
|-damage|p2a: Goodra|53/100 tox|[from] psn
|upkeep
|turn|16
|
|move|p1a: Excadrill|Earthquake|p2a: Goodra
|-damage|p2a: Goodra|0 fnt
|faint|p2a: Goodra
|
|upkeep
|
|switch|p2a: Gyarados|Gyarados, F|100/100
|turn|17
|
|move|p1a: Excadrill|Iron Head|p2a: Gyarados
|-resisted|p2a: Gyarados
|-damage|p2a: Gyarados|72/100
|cant|p2a: Gyarados|flinch
|
|-heal|p2a: Gyarados|78/100|[from] item: Leftovers
|upkeep
|turn|18
|
|move|p1a: Excadrill|Iron Head|p2a: Gyarados
|-resisted|p2a: Gyarados
|-crit|p2a: Gyarados
|-damage|p2a: Gyarados|35/100
|cant|p2a: Gyarados|flinch
|
|-heal|p2a: Gyarados|41/100|[from] item: Leftovers
|upkeep
|turn|19
|
|move|p1a: Excadrill|Iron Head|p2a: Gyarados
|-resisted|p2a: Gyarados
|-damage|p2a: Gyarados|15/100
|move|p2a: Gyarados|Dragon Dance|p2a: Gyarados
|-boost|p2a: Gyarados|atk|1
|-boost|p2a: Gyarados|spe|1
|
|-heal|p2a: Gyarados|21/100|[from] item: Leftovers
|upkeep
|turn|20
|
|move|p2a: Gyarados|Bounce||[still]
|-prepare|p2a: Gyarados|Bounce|p1a: Excadrill
|move|p1a: Excadrill|Iron Head|p2a: Gyarados|[miss]
|-miss|p1a: Excadrill|p2a: Gyarados
|
|-heal|p2a: Gyarados|27/100|[from] item: Leftovers
|upkeep
|turn|21
|
|move|p2a: Gyarados|Bounce|p1a: Excadrill|[from]lockedmove
|-resisted|p1a: Excadrill
|-damage|p1a: Excadrill|6/100
|move|p1a: Excadrill|Iron Head|p2a: Gyarados
|-resisted|p2a: Gyarados
|-damage|p2a: Gyarados|0 fnt
|faint|p2a: Gyarados
|
|upkeep
|
|switch|p2a: Hawlucha|Hawlucha, F|76/100
|turn|22
|
|move|p2a: Hawlucha|Substitute|p2a: Hawlucha
|-start|p2a: Hawlucha|Substitute
|-damage|p2a: Hawlucha|51/100
|move|p1a: Excadrill|Iron Head|p2a: Hawlucha
|-end|p2a: Hawlucha|Substitute
|
|upkeep
|turn|23
|
|move|p2a: Hawlucha|Acrobatics|p1a: Excadrill
|-resisted|p1a: Excadrill
|-damage|p1a: Excadrill|0 fnt
|faint|p1a: Excadrill
|
|upkeep
|
|switch|p1a: Toxtricity|Toxtricity, M|41/100
|turn|24
|
|move|p2a: Hawlucha|High Jump Kick|p1a: Toxtricity
|-resisted|p1a: Toxtricity
|-damage|p1a: Toxtricity|0 fnt
|faint|p1a: Toxtricity
|
|upkeep
|
|switch|p1a: Cinderace|Cinderace, M|91/100
|turn|25
|
|move|p1a: Cinderace|Pyro Ball|p2a: Hawlucha
|-damage|p2a: Hawlucha|0 fnt
|faint|p2a: Hawlucha
|
|-heal|p1a: Cinderace|97/100|[from] item: Leftovers
|upkeep
|
|switch|p2a: Corsola|Corsola-Galar, F|100/100
|turn|26
|
|move|p1a: Cinderace|Pyro Ball|p2a: Corsola
|-damage|p2a: Corsola|70/100
|move|p2a: Corsola|Night Shade|p1a: Cinderace
|-damage|p1a: Cinderace|63/100
|
|-heal|p1a: Cinderace|69/100|[from] item: Leftovers
|upkeep
|turn|27
|
|move|p1a: Cinderace|Pyro Ball|p2a: Corsola
|-damage|p2a: Corsola|43/100
|-start|p1a: Cinderace|Disable|Pyro Ball|[from] ability: Cursed Body|[of] p2a: Corsola
|move|p2a: Corsola|Strength Sap|p1a: Cinderace
|-unboost|p1a: Cinderace|atk|1
|-heal|p2a: Corsola|100/100
|
|-heal|p1a: Cinderace|75/100|[from] item: Leftovers
|upkeep
|turn|28
|
|switch|p1a: Dracovish|Dracovish|100/100
|move|p2a: Corsola|Night Shade|p1a: Dracovish
|-damage|p1a: Dracovish|69/100
|
|upkeep
|turn|29
|
|move|p1a: Dracovish|Fishious Rend|p2a: Corsola
|-damage|p2a: Corsola|49/100
|move|p2a: Corsola|Will-O-Wisp|p1a: Dracovish
|-status|p1a: Dracovish|brn
|
|-damage|p1a: Dracovish|63/100 brn|[from] brn
|upkeep
|turn|30
|
|move|p1a: Dracovish|Fishious Rend|p2a: Corsola
|-damage|p2a: Corsola|21/100
|-start|p1a: Dracovish|Disable|Fishious Rend|[from] ability: Cursed Body|[of] p2a: Corsola
|move|p2a: Corsola|Strength Sap|p1a: Dracovish
|-unboost|p1a: Dracovish|atk|1
|-heal|p2a: Corsola|100/100
|
|-damage|p1a: Dracovish|57/100 brn|[from] brn
|upkeep
|turn|31
|
|switch|p1a: Cinderace|Cinderace, M|75/100
|move|p2a: Corsola|Stealth Rock|p1a: Cinderace
|-sidestart|p1: VDVATSAL|move: Stealth Rock
|
|-heal|p1a: Cinderace|81/100|[from] item: Leftovers
|upkeep
|turn|32
|
|move|p1a: Cinderace|Pyro Ball|p2a: Corsola
|-damage|p2a: Corsola|74/100
|-status|p2a: Corsola|brn
|move|p2a: Corsola|Night Shade|p1a: Cinderace
|-damage|p1a: Cinderace|48/100
|
|-heal|p1a: Cinderace|54/100|[from] item: Leftovers
|-damage|p2a: Corsola|67/100 brn|[from] brn
|upkeep
|turn|33
|
|switch|p1a: Dragapult|Dragapult, F|100/100
|-damage|p1a: Dragapult|88/100|[from] Stealth Rock
|move|p2a: Corsola|Strength Sap|p1a: Dragapult
|-fail|p1a: Dragapult|unboost|[from] ability: Clear Body|[of] p1a: Dragapult
|-heal|p2a: Corsola|100/100 brn
|
|-damage|p2a: Corsola|94/100 brn|[from] brn
|upkeep
|turn|34
|
|move|p1a: Dragapult|Shadow Ball|p2a: Corsola
|-supereffective|p2a: Corsola
|-damage|p2a: Corsola|42/100 brn
|-start|p1a: Dragapult|Disable|Shadow Ball|[from] ability: Cursed Body|[of] p2a: Corsola
|move|p2a: Corsola|Night Shade|p1a: Dragapult
|-damage|p1a: Dragapult|57/100
|
|-damage|p2a: Corsola|36/100 brn|[from] brn
|upkeep
|turn|35
|
|switch|p1a: Cinderace|Cinderace, M|54/100
|-damage|p1a: Cinderace|29/100|[from] Stealth Rock
|move|p2a: Corsola|Strength Sap|p1a: Cinderace
|-unboost|p1a: Cinderace|atk|1
|-heal|p2a: Corsola|100/100 brn
|
|-heal|p1a: Cinderace|35/100|[from] item: Leftovers
|-damage|p2a: Corsola|94/100 brn|[from] brn
|upkeep
|turn|36
|
|move|p1a: Cinderace|Pyro Ball|p2a: Corsola
|-damage|p2a: Corsola|74/100 brn
|-start|p1a: Cinderace|Disable|Pyro Ball|[from] ability: Cursed Body|[of] p2a: Corsola
|move|p2a: Corsola|Night Shade|p1a: Cinderace
|-damage|p1a: Cinderace|2/100
|
|-heal|p1a: Cinderace|8/100|[from] item: Leftovers
|-damage|p2a: Corsola|67/100 brn|[from] brn
|upkeep
|turn|37
|
|move|p1a: Cinderace|Sucker Punch||[still]
|-fail|p1a: Cinderace
|move|p2a: Corsola|Strength Sap|p1a: Cinderace
|-unboost|p1a: Cinderace|atk|1
|-heal|p2a: Corsola|100/100 brn
|
|-heal|p1a: Cinderace|14/100|[from] item: Leftovers
|-damage|p2a: Corsola|94/100 brn|[from] brn
|upkeep
|turn|38
|
|move|p1a: Cinderace|Sucker Punch|p2a: Corsola
|-supereffective|p2a: Corsola
|-damage|p2a: Corsola|83/100 brn
|move|p2a: Corsola|Night Shade|p1a: Cinderace
|-damage|p1a: Cinderace|0 fnt
|faint|p1a: Cinderace
|
|-damage|p2a: Corsola|76/100 brn|[from] brn
|upkeep
|
|switch|p1a: Dracovish|Dracovish|57/100 brn
|-damage|p1a: Dracovish|44/100 brn|[from] Stealth Rock
|turn|39
|
|move|p1a: Dracovish|Fishious Rend|p2a: Corsola
|-damage|p2a: Corsola|51/100 brn
|move|p2a: Corsola|Strength Sap|p1a: Dracovish
|-unboost|p1a: Dracovish|atk|1
|-heal|p2a: Corsola|100/100 brn
|
|-damage|p1a: Dracovish|38/100 brn|[from] brn
|-damage|p2a: Corsola|94/100 brn|[from] brn
|upkeep
|turn|40
|
|move|p1a: Dracovish|Fishious Rend|p2a: Corsola
|-damage|p2a: Corsola|78/100 brn
|move|p2a: Corsola|Night Shade|p1a: Dracovish
|-damage|p1a: Dracovish|7/100 brn
|
|-damage|p1a: Dracovish|1/100 brn|[from] brn
|-damage|p2a: Corsola|72/100 brn|[from] brn
|upkeep
|turn|41
|
|move|p1a: Dracovish|Fishious Rend|p2a: Corsola
|-damage|p2a: Corsola|54/100 brn
|-start|p1a: Dracovish|Disable|Fishious Rend|[from] ability: Cursed Body|[of] p2a: Corsola
|move|p2a: Corsola|Strength Sap|p1a: Dracovish
|-unboost|p1a: Dracovish|atk|1
|-heal|p2a: Corsola|100/100 brn
|
|-damage|p1a: Dracovish|0 fnt|[from] brn
|faint|p1a: Dracovish
|-damage|p2a: Corsola|94/100 brn|[from] brn
|upkeep
|
|switch|p1a: Dragapult|Dragapult, F|57/100
|-damage|p1a: Dragapult|44/100|[from] Stealth Rock
|turn|42
|
|move|p1a: Dragapult|Shadow Ball|p2a: Corsola
|-supereffective|p2a: Corsola
|-damage|p2a: Corsola|46/100 brn
|-start|p1a: Dragapult|Disable|Shadow Ball|[from] ability: Cursed Body|[of] p2a: Corsola
|move|p2a: Corsola|Night Shade|p1a: Dragapult
|-damage|p1a: Dragapult|13/100
|
|-damage|p2a: Corsola|39/100 brn|[from] brn
|upkeep
|turn|43
|
|-activate|p1a: Dragapult|move: Struggle
|move|p1a: Dragapult|Struggle|p2a: Corsola
|-damage|p2a: Corsola|33/100 brn
|-damage|p1a: Dragapult|0 fnt|[from] recoil
|faint|p1a: Dragapult
|
|win|tecnico-de-ti
|raw|VDVATSAL's rating: 1081 → 1059(-22 for losing)
|raw|tecnico-de-ti's rating: 1077 → 1106(+29 for winning)
