|ScrapeTime|2020-01-01-08:35:37
|j|☆bobywasabiboy
|j|☆Stoutie
|player|p1|bobywasabiboy|153|1032
|player|p2|Stoutie|47|1057
|teamsize|p1|5
|teamsize|p2|6
|gametype|singles
|gen|8
|tier|[Gen 8] OU
|rated|
|rule|Sleep Clause Mod: Limit one foe put to sleep
|rule|Species Clause: Limit one of each Pokémon
|rule|OHKO Clause: OHKO moves are banned
|rule|Evasion Moves Clause: Evasion moves are banned
|rule|Endless Battle Clause: Forcing endless battles is banned
|rule|HP Percentage Mod: HP is shown in percentages
|clearpoke
|poke|p1|Avalugg, M|
|poke|p1|Appletun, F|
|poke|p1|Grimmsnarl, M|
|poke|p1|Centiskorch, F|
|poke|p1|Togekiss, F|
|poke|p2|Inteleon, M|
|poke|p2|Toxtricity, M|
|poke|p2|Appletun, M|
|poke|p2|Centiskorch, M|
|poke|p2|Obstagoon, M|
|poke|p2|Corviknight, F|
|rule|Dynamax Clause: You cannot dynamax
|teampreview
|inactive|Battle timer is ON: inactive players will automatically lose when time's up. (requested by bobywasabiboy)
|
|start
|switch|p1a: Grimmsnarl|Grimmsnarl, M|100/100
|switch|p2a: Toxtricity|Toxtricity, M|100/100
|turn|1
|
|move|p1a: Grimmsnarl|Taunt|p2a: Toxtricity
|-start|p2a: Toxtricity|move: Taunt
|cant|p2a: Toxtricity|move: Taunt|Toxic
|
|upkeep
|turn|2
|
|move|p1a: Grimmsnarl|Light Screen|p1a: Grimmsnarl
|-sidestart|p1: bobywasabiboy|move: Light Screen
|move|p2a: Toxtricity|Boomburst|p1a: Grimmsnarl
|-damage|p1a: Grimmsnarl|75/100
|
|upkeep
|turn|3
|
|switch|p2a: Corviknight|Corviknight, F|100/100
|-ability|p2a: Corviknight|Pressure
|move|p1a: Grimmsnarl|Play Rough|p2a: Corviknight
|-resisted|p2a: Corviknight
|-damage|p2a: Corviknight|83/100
|
|-heal|p2a: Corviknight|90/100|[from] item: Leftovers
|upkeep
|turn|4
|
|move|p1a: Grimmsnarl|Taunt|p2a: Corviknight
|-start|p2a: Corviknight|move: Taunt
|move|p2a: Corviknight|Iron Head|p1a: Grimmsnarl
|-supereffective|p1a: Grimmsnarl
|-damage|p1a: Grimmsnarl|17/100
|
|-heal|p2a: Corviknight|96/100|[from] item: Leftovers
|upkeep
|turn|5
|
|move|p1a: Grimmsnarl|Reflect|p1a: Grimmsnarl
|-sidestart|p1: bobywasabiboy|Reflect
|move|p2a: Corviknight|Iron Head|p1a: Grimmsnarl
|-supereffective|p1a: Grimmsnarl
|-damage|p1a: Grimmsnarl|0 fnt
|faint|p1a: Grimmsnarl
|
|-heal|p2a: Corviknight|100/100|[from] item: Leftovers
|upkeep
|
|switch|p1a: Avalugg|Avalugg, M|100/100
|turn|6
|
|move|p2a: Corviknight|Iron Head|p1a: Avalugg
|-supereffective|p1a: Avalugg
|-damage|p1a: Avalugg|88/100
|move|p1a: Avalugg|Curse|p1a: Avalugg
|-unboost|p1a: Avalugg|spe|1
|-boost|p1a: Avalugg|atk|1
|-boost|p1a: Avalugg|def|1
|
|-heal|p1a: Avalugg|94/100|[from] item: Leftovers
|-end|p2a: Corviknight|move: Taunt
|upkeep
|turn|7
|
|move|p2a: Corviknight|Bulk Up|p2a: Corviknight
|-boost|p2a: Corviknight|atk|1
|-boost|p2a: Corviknight|def|1
|move|p1a: Avalugg|Curse|p1a: Avalugg
|-unboost|p1a: Avalugg|spe|1
|-boost|p1a: Avalugg|atk|1
|-boost|p1a: Avalugg|def|1
|
|-heal|p1a: Avalugg|99/100|[from] item: Leftovers
|upkeep
|turn|8
|
|move|p2a: Corviknight|Bulk Up|p2a: Corviknight
|-boost|p2a: Corviknight|atk|1
|-boost|p2a: Corviknight|def|1
|move|p1a: Avalugg|Curse|p1a: Avalugg
|-unboost|p1a: Avalugg|spe|1
|-boost|p1a: Avalugg|atk|1
|-boost|p1a: Avalugg|def|1
|
|-heal|p1a: Avalugg|100/100|[from] item: Leftovers
|upkeep
|turn|9
|c|☆bobywasabiboy|ok
|
|move|p2a: Corviknight|Bulk Up|p2a: Corviknight
|-boost|p2a: Corviknight|atk|1
|-boost|p2a: Corviknight|def|1
|move|p1a: Avalugg|Curse|p1a: Avalugg
|-unboost|p1a: Avalugg|spe|1
|-boost|p1a: Avalugg|atk|1
|-boost|p1a: Avalugg|def|1
|
|-sideend|p1: bobywasabiboy|move: Light Screen
|upkeep
|turn|10
|
|move|p2a: Corviknight|Bulk Up|p2a: Corviknight
|-boost|p2a: Corviknight|atk|1
|-boost|p2a: Corviknight|def|1
|move|p1a: Avalugg|Curse|p1a: Avalugg
|-unboost|p1a: Avalugg|spe|1
|-boost|p1a: Avalugg|atk|1
|-boost|p1a: Avalugg|def|1
|
|upkeep
|turn|11
|c|☆Stoutie|Hey why not
|
|move|p2a: Corviknight|Bulk Up|p2a: Corviknight
|-boost|p2a: Corviknight|atk|1
|-boost|p2a: Corviknight|def|1
|move|p1a: Avalugg|Curse|p1a: Avalugg
|-unboost|p1a: Avalugg|spe|1
|-boost|p1a: Avalugg|atk|1
|-boost|p1a: Avalugg|def|1
|
|upkeep
|turn|12
|
|move|p2a: Corviknight|Bulk Up|p2a: Corviknight
|-boost|p2a: Corviknight|atk|1
|-boost|p2a: Corviknight|def|1
|move|p1a: Avalugg|Avalanche|p2a: Corviknight
|-damage|p2a: Corviknight|73/100
|
|-heal|p2a: Corviknight|79/100|[from] item: Leftovers
|-sideend|p1: bobywasabiboy|Reflect
|upkeep
|turn|13
|
|move|p2a: Corviknight|Iron Head|p1a: Avalugg
|-supereffective|p1a: Avalugg
|-damage|p1a: Avalugg|76/100
|move|p1a: Avalugg|Avalanche|p2a: Corviknight
|-damage|p2a: Corviknight|29/100
|
|-heal|p2a: Corviknight|36/100|[from] item: Leftovers
|-heal|p1a: Avalugg|82/100|[from] item: Leftovers
|upkeep
|turn|14
|c|☆bobywasabiboy|those 8 turns did absolutely nothing
|
|move|p2a: Corviknight|Roost|p2a: Corviknight
|-heal|p2a: Corviknight|86/100
|-singleturn|p2a: Corviknight|move: Roost
|move|p1a: Avalugg|Avalanche|p2a: Corviknight
|-resisted|p2a: Corviknight
|-damage|p2a: Corviknight|73/100
|
|-heal|p2a: Corviknight|79/100|[from] item: Leftovers
|-heal|p1a: Avalugg|88/100|[from] item: Leftovers
|upkeep
|turn|15
|
|move|p2a: Corviknight|Iron Head|p1a: Avalugg
|-supereffective|p1a: Avalugg
|-damage|p1a: Avalugg|63/100
|move|p1a: Avalugg|Avalanche|p2a: Corviknight
|-damage|p2a: Corviknight|30/100
|
|-heal|p2a: Corviknight|37/100|[from] item: Leftovers
|-heal|p1a: Avalugg|70/100|[from] item: Leftovers
|upkeep
|turn|16
|
|move|p2a: Corviknight|Roost|p2a: Corviknight
|-heal|p2a: Corviknight|87/100
|-singleturn|p2a: Corviknight|move: Roost
|move|p1a: Avalugg|Earthquake|p2a: Corviknight
|-supereffective|p2a: Corviknight
|-damage|p2a: Corviknight|28/100
|
|-heal|p2a: Corviknight|34/100|[from] item: Leftovers
|-heal|p1a: Avalugg|76/100|[from] item: Leftovers
|upkeep
|turn|17
|
|move|p2a: Corviknight|Iron Head|p1a: Avalugg
|-supereffective|p1a: Avalugg
|-damage|p1a: Avalugg|53/100
|cant|p1a: Avalugg|flinch
|
|-heal|p2a: Corviknight|41/100|[from] item: Leftovers
|-heal|p1a: Avalugg|59/100|[from] item: Leftovers
|upkeep
|turn|18
|
|move|p2a: Corviknight|Iron Head|p1a: Avalugg
|-supereffective|p1a: Avalugg
|-damage|p1a: Avalugg|33/100
|move|p1a: Avalugg|Avalanche|p2a: Corviknight
|-damage|p2a: Corviknight|0 fnt
|faint|p2a: Corviknight
|
|-heal|p1a: Avalugg|39/100|[from] item: Leftovers
|upkeep
|
|switch|p2a: Appletun|Appletun, M|100/100
|turn|19
|
|move|p2a: Appletun|Apple Acid|p1a: Avalugg
|-damage|p1a: Avalugg|0 fnt
|faint|p1a: Avalugg
|
|upkeep
|
|switch|p1a: Togekiss|Togekiss, F|100/100
|turn|20
|
|move|p1a: Togekiss|Air Slash|p2a: Appletun
|-supereffective|p2a: Appletun
|-damage|p2a: Appletun|43/100
|cant|p2a: Appletun|flinch
|
|-heal|p2a: Appletun|50/100|[from] item: Leftovers
|upkeep
|turn|21
|
|move|p1a: Togekiss|Air Slash|p2a: Appletun
|-supereffective|p2a: Appletun
|-damage|p2a: Appletun|0 fnt
|faint|p2a: Appletun
|
|upkeep
|
|switch|p2a: Toxtricity|Toxtricity, M|100/100
|turn|22
|
|switch|p1a: Appletun|Appletun, F|100/100
|move|p2a: Toxtricity|Toxic|p1a: Appletun
|-status|p1a: Appletun|tox
|
|-damage|p1a: Appletun|94/100 tox|[from] psn
|upkeep
|turn|23
|
|move|p2a: Toxtricity|Protect|p2a: Toxtricity
|-singleturn|p2a: Toxtricity|Protect
|move|p1a: Appletun|Leech Seed|p2a: Toxtricity
|-activate|p2a: Toxtricity|move: Protect
|
|-damage|p1a: Appletun|82/100 tox|[from] psn
|upkeep
|turn|24
|
|switch|p2a: Inteleon|Inteleon, M|100/100
|move|p1a: Appletun|Leech Seed|p2a: Inteleon
|-start|p2a: Inteleon|move: Leech Seed
|
|-damage|p2a: Inteleon|88/100|[from] Leech Seed|[of] p1a: Appletun
|-heal|p1a: Appletun|90/100 tox|[silent]
|-damage|p1a: Appletun|72/100 tox|[from] psn
|upkeep
|turn|25
|
|move|p2a: Inteleon|Ice Beam|p1a: Appletun
|-supereffective|p1a: Appletun
|-damage|p1a: Appletun|0 fnt
|faint|p1a: Appletun
|
|upkeep
|
|switch|p1a: Togekiss|Togekiss, F|100/100
|turn|26
|
|move|p1a: Togekiss|Air Slash|p2a: Inteleon
|-damage|p2a: Inteleon|39/100
|cant|p2a: Inteleon|flinch
|
|-damage|p2a: Inteleon|26/100|[from] Leech Seed|[of] p1a: Togekiss
|upkeep
|turn|27
|
|move|p1a: Togekiss|Air Slash|p2a: Inteleon
|-damage|p2a: Inteleon|0 fnt
|faint|p2a: Inteleon
|
|upkeep
|
|switch|p2a: Toxtricity|Toxtricity, M|100/100
|turn|28
|
|switch|p1a: Centiskorch|Centiskorch, F|100/100
|move|p2a: Toxtricity|Toxic|p1a: Centiskorch
|-status|p1a: Centiskorch|tox
|
|-damage|p1a: Centiskorch|94/100 tox|[from] psn
|upkeep
|turn|29
|
|move|p2a: Toxtricity|Overdrive|p1a: Centiskorch
|-damage|p1a: Centiskorch|49/100 tox
|move|p1a: Centiskorch|Crunch|p2a: Toxtricity
|-damage|p2a: Toxtricity|42/100
|-damage|p1a: Centiskorch|39/100 tox|[from] item: Life Orb
|
|-heal|p2a: Toxtricity|49/100|[from] item: Black Sludge
|-damage|p1a: Centiskorch|27/100 tox|[from] psn
|upkeep
|turn|30
|
|move|p2a: Toxtricity|Protect|p2a: Toxtricity
|-singleturn|p2a: Toxtricity|Protect
|move|p1a: Centiskorch|Crunch|p2a: Toxtricity
|-activate|p2a: Toxtricity|move: Protect
|
|-heal|p2a: Toxtricity|55/100|[from] item: Black Sludge
|-damage|p1a: Centiskorch|8/100 tox|[from] psn
|upkeep
|turn|31
|
|move|p2a: Toxtricity|Overdrive|p1a: Centiskorch
|-damage|p1a: Centiskorch|0 fnt
|faint|p1a: Centiskorch
|
|-heal|p2a: Toxtricity|61/100|[from] item: Black Sludge
|upkeep
|
|switch|p1a: Togekiss|Togekiss, F|100/100
|turn|32
|
|move|p1a: Togekiss|Air Slash|p2a: Toxtricity
|-resisted|p2a: Toxtricity
|-damage|p2a: Toxtricity|30/100
|move|p2a: Toxtricity|Toxic|p1a: Togekiss
|-status|p1a: Togekiss|tox
|
|-heal|p2a: Toxtricity|37/100|[from] item: Black Sludge
|-damage|p1a: Togekiss|94/100 tox|[from] psn
|upkeep
|turn|33
|
|move|p2a: Toxtricity|Protect|p2a: Toxtricity
|-singleturn|p2a: Toxtricity|Protect
|move|p1a: Togekiss|Air Slash|p2a: Toxtricity
|-activate|p2a: Toxtricity|move: Protect
|
|-heal|p2a: Toxtricity|43/100|[from] item: Black Sludge
|-damage|p1a: Togekiss|82/100 tox|[from] psn
|upkeep
|turn|34
|
|switch|p2a: Obstagoon|Obstagoon, M|100/100
|move|p1a: Togekiss|Air Slash|p2a: Obstagoon|[miss]
|-miss|p1a: Togekiss|p2a: Obstagoon
|
|-damage|p1a: Togekiss|64/100 tox|[from] psn
|upkeep
|turn|35
|
|move|p2a: Obstagoon|Obstruct|p2a: Obstagoon
|-singleturn|p2a: Obstagoon|Protect
|move|p1a: Togekiss|Air Slash|p2a: Obstagoon
|-activate|p2a: Obstagoon|move: Protect
|
|-damage|p1a: Togekiss|40/100 tox|[from] psn
|upkeep
|turn|36
|
|move|p1a: Togekiss|Air Slash|p2a: Obstagoon
|-damage|p2a: Obstagoon|47/100
|move|p2a: Obstagoon|Knock Off|p1a: Togekiss
|-resisted|p1a: Togekiss
|-damage|p1a: Togekiss|17/100 tox
|-enditem|p1a: Togekiss|Choice Scarf|[from] move: Knock Off|[of] p2a: Obstagoon
|
|-heal|p2a: Obstagoon|53/100|[from] item: Leftovers
|-damage|p1a: Togekiss|0 fnt|[from] psn
|faint|p1a: Togekiss
|
|win|Stoutie
|upkeep
|raw|bobywasabiboy's rating: 1032 → 1018(-14 for losing)
|raw|Stoutie's rating: 1057 → 1086(+29 for winning)
|c|☆bobywasabiboy|oof gg
|l|☆bobywasabiboy
|c|☆Stoutie|thx
