|ScrapeTime|2020-01-01-23:48:52
|j|☆ErsGuterZokka
|j|☆Ultra Dusk Mane31
|player|p1|ErsGuterZokka|cyrus|1332
|player|p2|Ultra Dusk Mane31|colress|1283
|teamsize|p1|6
|teamsize|p2|6
|gametype|singles
|gen|8
|tier|[Gen 8] OU
|rated|
|rule|Sleep Clause Mod: Limit one foe put to sleep
|rule|Species Clause: Limit one of each Pokémon
|rule|OHKO Clause: OHKO moves are banned
|rule|Evasion Moves Clause: Evasion moves are banned
|rule|Endless Battle Clause: Forcing endless battles is banned
|rule|HP Percentage Mod: HP is shown in percentages
|clearpoke
|poke|p1|Tyranitar, M|
|poke|p1|Ditto|
|poke|p1|Rotom-Mow|
|poke|p1|Machamp, M|
|poke|p1|Vaporeon, M|
|poke|p1|Cinderace, M|
|poke|p2|Toxtricity, F|
|poke|p2|Conkeldurr, F|
|poke|p2|Excadrill, F|
|poke|p2|Bisharp, F|
|poke|p2|Dragapult, F|
|poke|p2|Kommo-o, F|
|rule|Dynamax Clause: You cannot dynamax
|teampreview
|
|start
|switch|p1a: Machamp|Machamp, M|100/100
|switch|p2a: Excadrill|Excadrill, F|100/100
|-ability|p2a: Excadrill|Mold Breaker
|turn|1
|
|switch|p1a: Vaporeon|Vaporeon, M|100/100
|move|p2a: Excadrill|Stealth Rock|p1a: Vaporeon
|-sidestart|p1: ErsGuterZokka|move: Stealth Rock
|
|upkeep
|turn|2
|
|move|p2a: Excadrill|Earthquake|p1a: Vaporeon
|-damage|p1a: Vaporeon|63/100
|move|p1a: Vaporeon|Scald|p2a: Excadrill
|-supereffective|p2a: Excadrill
|-damage|p2a: Excadrill|19/100
|
|-heal|p1a: Vaporeon|69/100|[from] item: Leftovers
|upkeep
|turn|3
|
|move|p2a: Excadrill|Earthquake|p1a: Vaporeon
|-damage|p1a: Vaporeon|30/100
|move|p1a: Vaporeon|Wish|p1a: Vaporeon
|
|-heal|p1a: Vaporeon|37/100|[from] item: Leftovers
|upkeep
|turn|4
|
|move|p1a: Vaporeon|Protect|p1a: Vaporeon
|-singleturn|p1a: Vaporeon|Protect
|move|p2a: Excadrill|Earthquake|p1a: Vaporeon
|-activate|p1a: Vaporeon|move: Protect
|
|-heal|p1a: Vaporeon|87/100|[from] move: Wish|[wisher] Vaporeon
|-heal|p1a: Vaporeon|93/100|[from] item: Leftovers
|upkeep
|turn|5
|
|move|p2a: Excadrill|Earthquake|p1a: Vaporeon
|-damage|p1a: Vaporeon|51/100
|move|p1a: Vaporeon|Wish|p1a: Vaporeon
|
|-heal|p1a: Vaporeon|58/100|[from] item: Leftovers
|upkeep
|turn|6
|
|move|p2a: Excadrill|Earthquake|p1a: Vaporeon
|-damage|p1a: Vaporeon|17/100
|move|p1a: Vaporeon|Scald|p2a: Excadrill
|-supereffective|p2a: Excadrill
|-damage|p2a: Excadrill|0 fnt
|faint|p2a: Excadrill
|
|-heal|p1a: Vaporeon|67/100|[from] move: Wish|[wisher] Vaporeon
|-heal|p1a: Vaporeon|74/100|[from] item: Leftovers
|upkeep
|
|switch|p2a: Conkeldurr|Conkeldurr, F|100/100
|turn|7
|
|move|p1a: Vaporeon|Wish|p1a: Vaporeon
|move|p2a: Conkeldurr|Thunder Punch|p1a: Vaporeon
|-supereffective|p1a: Vaporeon
|-damage|p1a: Vaporeon|30/100
|
|-heal|p1a: Vaporeon|36/100|[from] item: Leftovers
|-status|p2a: Conkeldurr|brn|[from] item: Flame Orb
|upkeep
|turn|8
|
|move|p1a: Vaporeon|Protect|p1a: Vaporeon
|-singleturn|p1a: Vaporeon|Protect
|move|p2a: Conkeldurr|Thunder Punch|p1a: Vaporeon
|-activate|p1a: Vaporeon|move: Protect
|
|-heal|p1a: Vaporeon|86/100|[from] move: Wish|[wisher] Vaporeon
|-heal|p1a: Vaporeon|93/100|[from] item: Leftovers
|-damage|p2a: Conkeldurr|94/100 brn|[from] brn
|upkeep
|turn|9
|
|switch|p1a: Tyranitar|Tyranitar, M|100/100
|-damage|p1a: Tyranitar|88/100|[from] Stealth Rock
|-weather|Sandstorm|[from] ability: Sand Stream|[of] p1a: Tyranitar
|move|p2a: Conkeldurr|Thunder Punch|p1a: Tyranitar
|-damage|p1a: Tyranitar|52/100
|-status|p1a: Tyranitar|par
|
|-weather|Sandstorm|[upkeep]
|-damage|p2a: Conkeldurr|88/100 brn|[from] Sandstorm
|-damage|p2a: Conkeldurr|82/100 brn|[from] brn
|upkeep
|turn|10
|
|move|p2a: Conkeldurr|Drain Punch|p1a: Tyranitar
|-supereffective|p1a: Tyranitar
|-damage|p1a: Tyranitar|0 fnt
|-heal|p2a: Conkeldurr|100/100 brn|[from] drain|[of] p1a: Tyranitar
|faint|p1a: Tyranitar
|
|-weather|Sandstorm|[upkeep]
|-damage|p2a: Conkeldurr|94/100 brn|[from] Sandstorm
|-damage|p2a: Conkeldurr|88/100 brn|[from] brn
|upkeep
|
|switch|p1a: Rotom|Rotom-Mow|100/100
|-damage|p1a: Rotom|88/100|[from] Stealth Rock
|turn|11
|
|move|p1a: Rotom|Leaf Storm|p2a: Conkeldurr
|-damage|p2a: Conkeldurr|0 fnt
|-unboost|p1a: Rotom|spa|2
|faint|p2a: Conkeldurr
|
|-weather|Sandstorm|[upkeep]
|-damage|p1a: Rotom|82/100|[from] Sandstorm
|upkeep
|
|switch|p2a: Toxtricity|Toxtricity, F|100/100
|turn|12
|
|switch|p1a: Machamp|Machamp, M|100/100
|-damage|p1a: Machamp|94/100|[from] Stealth Rock
|move|p2a: Toxtricity|Boomburst|p1a: Machamp
|-damage|p1a: Machamp|10/100
|
|-weather|Sandstorm|[upkeep]
|-damage|p2a: Toxtricity|94/100|[from] Sandstorm
|-damage|p1a: Machamp|4/100|[from] Sandstorm
|upkeep
|turn|13
|
|switch|p2a: Bisharp|Bisharp, F|100/100
|move|p1a: Machamp|Bullet Punch|p2a: Bisharp
|-resisted|p2a: Bisharp
|-crit|p2a: Bisharp
|-damage|p2a: Bisharp|79/100
|
|-weather|none
|upkeep
|turn|14
|
|move|p2a: Bisharp|Sucker Punch|p1a: Machamp
|-resisted|p1a: Machamp
|-damage|p1a: Machamp|0 fnt
|faint|p1a: Machamp
|
|upkeep
|
|switch|p1a: Cinderace|Cinderace, M|100/100
|turn|15
|
|move|p1a: Cinderace|Pyro Ball|p2a: Bisharp
|-supereffective|p2a: Bisharp
|-damage|p2a: Bisharp|0 fnt
|faint|p2a: Bisharp
|
|upkeep
|
|switch|p2a: Dragapult|Dragapult, F|100/100
|turn|16
|
|move|p2a: Dragapult|Shadow Ball|p1a: Cinderace
|-damage|p1a: Cinderace|30/100
|move|p1a: Cinderace|U-turn|p2a: Dragapult
|-resisted|p2a: Dragapult
|-crit|p2a: Dragapult
|-damage|p2a: Dragapult|78/100
|
|switch|p1a: Ditto|Ditto|100/100|[from]move: U-turn
|-damage|p1a: Ditto|88/100|[from] Stealth Rock
|-transform|p1a: Ditto|p2a: Dragapult|[from] ability: Imposter
|
|upkeep
|turn|17
|
|switch|p2a: Toxtricity|Toxtricity, F|94/100
|move|p1a: Ditto|Draco Meteor|p2a: Toxtricity|[miss]
|-miss|p1a: Ditto|p2a: Toxtricity
|
|upkeep
|turn|18
|
|move|p1a: Ditto|Draco Meteor|p2a: Toxtricity
|-damage|p2a: Toxtricity|2/100
|-unboost|p1a: Ditto|spa|2
|move|p2a: Toxtricity|Volt Switch|p1a: Ditto
|-resisted|p1a: Ditto
|-damage|p1a: Ditto|49/100
|
|switch|p2a: Kommo-o|Kommo-o, F|100/100|[from]move: Volt Switch
|
|upkeep
|turn|19
|
|switch|p1a: Cinderace|Cinderace, M|30/100
|move|p2a: Kommo-o|Clangorous Soul|p2a: Kommo-o
|-boost|p2a: Kommo-o|atk|1
|-boost|p2a: Kommo-o|def|1
|-boost|p2a: Kommo-o|spa|1
|-boost|p2a: Kommo-o|spd|1
|-boost|p2a: Kommo-o|spe|1
|-damage|p2a: Kommo-o|67/100
|-enditem|p2a: Kommo-o|Throat Spray
|-boost|p2a: Kommo-o|spa|1
|
|upkeep
|turn|20
|
|move|p2a: Kommo-o|Clanging Scales|p1a: Cinderace
|-damage|p1a: Cinderace|0 fnt
|-unboost|p2a: Kommo-o|def|1
|faint|p1a: Cinderace
|
|upkeep
|
|switch|p1a: Ditto|Ditto|49/100
|-damage|p1a: Ditto|37/100|[from] Stealth Rock
|-transform|p1a: Ditto|p2a: Kommo-o|[from] ability: Imposter
|turn|21
|
|move|p1a: Ditto|Clanging Scales|p2a: Kommo-o
|-supereffective|p2a: Kommo-o
|-damage|p2a: Kommo-o|0 fnt
|-unboost|p1a: Ditto|def|1
|faint|p2a: Kommo-o
|
|upkeep
|-message|Ultra Dusk Mane31 forfeited.
|
|win|ErsGuterZokka
|l|☆Ultra Dusk Mane31
|raw|ErsGuterZokka's rating: 1332 → 1348(+16 for winning)
|raw|Ultra Dusk Mane31's rating: 1261 → 1241(-20 for losing)
