|ScrapeTime|2020-01-02-02:44:48
|j|☆HunterTheGunner
|j|☆darkaufeu77
|player|p1|HunterTheGunner|acetrainer|1339
|player|p2|darkaufeu77|163|1303
|teamsize|p1|6
|teamsize|p2|6
|gametype|singles
|gen|8
|tier|[Gen 8] OU
|rated|
|rule|Sleep Clause Mod: Limit one foe put to sleep
|rule|Species Clause: Limit one of each Pokémon
|rule|OHKO Clause: OHKO moves are banned
|rule|Evasion Moves Clause: Evasion moves are banned
|rule|Endless Battle Clause: Forcing endless battles is banned
|rule|HP Percentage Mod: HP is shown in percentages
|clearpoke
|poke|p1|Corviknight, M|
|poke|p1|Conkeldurr, F|
|poke|p1|Dragapult, F|
|poke|p1|Rotom-Heat|
|poke|p1|Tyranitar, M|
|poke|p1|Seismitoad, F|
|poke|p2|Dragapult, F|
|poke|p2|Dracozolt|
|poke|p2|Ferrothorn, F|
|poke|p2|Cinderace, M|
|poke|p2|Dracovish|
|poke|p2|Corviknight, M|
|rule|Dynamax Clause: You cannot dynamax
|teampreview
|
|start
|switch|p1a: Rotom|Rotom-Heat|100/100
|switch|p2a: Dragapult|Dragapult, F|100/100
|turn|1
|inactive|Battle timer is ON: inactive players will automatically lose when time's up. (requested by darkaufeu77)
|
|move|p2a: Dragapult|Draco Meteor|p1a: Rotom
|-damage|p1a: Rotom|0 fnt
|-unboost|p2a: Dragapult|spa|2
|faint|p1a: Rotom
|
|upkeep
|
|switch|p1a: Tyranitar|Tyranitar, M|100/100
|-weather|Sandstorm|[from] ability: Sand Stream|[of] p1a: Tyranitar
|turn|2
|
|switch|p2a: Dracovish|Dracovish|100/100
|move|p1a: Tyranitar|Thunder Wave|p2a: Dracovish|[miss]
|-miss|p1a: Tyranitar|p2a: Dracovish
|
|-weather|Sandstorm|[upkeep]
|-damage|p2a: Dracovish|94/100|[from] Sandstorm
|upkeep
|turn|3
|
|switch|p1a: Seismitoad|Seismitoad, F|100/100
|move|p2a: Dracovish|Fishious Rend|p1a: Seismitoad
|-immune|p1a: Seismitoad|[from] ability: Water Absorb
|
|-weather|Sandstorm|[upkeep]
|-damage|p2a: Dracovish|88/100|[from] Sandstorm
|upkeep
|turn|4
|
|switch|p2a: Ferrothorn|Ferrothorn, F, shiny|100/100
|move|p1a: Seismitoad|Stealth Rock|p2a: Ferrothorn
|-sidestart|p2: darkaufeu77|move: Stealth Rock
|
|-weather|Sandstorm|[upkeep]
|upkeep
|turn|5
|
|switch|p1a: Dragapult|Dragapult, F|100/100
|move|p2a: Ferrothorn|Thunder Wave|p1a: Dragapult
|-status|p1a: Dragapult|par
|
|-weather|Sandstorm|[upkeep]
|-damage|p1a: Dragapult|95/100 par|[from] Sandstorm
|upkeep
|turn|6
|
|switch|p2a: Dracovish|Dracovish|88/100
|-damage|p2a: Dracovish|76/100|[from] Stealth Rock
|move|p1a: Dragapult|Shadow Ball|p2a: Dracovish
|-damage|p2a: Dracovish|15/100
|-damage|p1a: Dragapult|85/100 par|[from] item: Life Orb
|
|-weather|none
|upkeep
|turn|7
|
|switch|p1a: Seismitoad|Seismitoad, F|100/100
|move|p2a: Dracovish|Outrage|p1a: Seismitoad
|-damage|p1a: Seismitoad|44/100
|
|-heal|p1a: Seismitoad|50/100|[from] item: Leftovers
|upkeep
|turn|8
|
|switch|p1a: Corviknight|Corviknight, M|100/100
|-ability|p1a: Corviknight|Pressure
|move|p2a: Dracovish|Outrage|p1a: Corviknight|[from]lockedmove
|-resisted|p1a: Corviknight
|-damage|p1a: Corviknight|67/100
|
|-heal|p1a: Corviknight|74/100|[from] item: Leftovers
|upkeep
|turn|9
|
|move|p2a: Dracovish|Outrage|p1a: Corviknight|[from]lockedmove
|-resisted|p1a: Corviknight
|-damage|p1a: Corviknight|45/100
|-start|p2a: Dracovish|confusion|[fatigue]
|move|p1a: Corviknight|Bulk Up|p1a: Corviknight
|-boost|p1a: Corviknight|atk|1
|-boost|p1a: Corviknight|def|1
|
|-heal|p1a: Corviknight|51/100|[from] item: Leftovers
|upkeep
|turn|10
|
|switch|p2a: Corviknight|Corviknight, M|100/100
|-damage|p2a: Corviknight|88/100|[from] Stealth Rock
|-ability|p2a: Corviknight|Pressure
|move|p1a: Corviknight|Brave Bird|p2a: Corviknight
|-resisted|p2a: Corviknight
|-damage|p2a: Corviknight|72/100
|-damage|p1a: Corviknight|45/100|[from] Recoil
|
|-heal|p1a: Corviknight|52/100|[from] item: Leftovers
|upkeep
|turn|11
|
|move|p1a: Corviknight|Substitute|p1a: Corviknight
|-start|p1a: Corviknight|Substitute
|-damage|p1a: Corviknight|27/100
|move|p2a: Corviknight|Taunt|p1a: Corviknight
|-start|p1a: Corviknight|move: Taunt
|
|-heal|p1a: Corviknight|33/100|[from] item: Leftovers
|upkeep
|turn|12
|
|move|p1a: Corviknight|Brave Bird|p2a: Corviknight
|-resisted|p2a: Corviknight
|-damage|p2a: Corviknight|56/100
|-damage|p1a: Corviknight|28/100|[from] Recoil
|move|p2a: Corviknight|Bulk Up|p2a: Corviknight
|-boost|p2a: Corviknight|atk|1
|-boost|p2a: Corviknight|def|1
|
|-heal|p1a: Corviknight|34/100|[from] item: Leftovers
|upkeep
|turn|13
|
|switch|p1a: Dragapult|Dragapult, F|85/100 par
|move|p2a: Corviknight|Bulk Up|p2a: Corviknight
|-boost|p2a: Corviknight|atk|1
|-boost|p2a: Corviknight|def|1
|
|upkeep
|turn|14
|
|move|p1a: Dragapult|Shadow Ball|p2a: Corviknight
|-damage|p2a: Corviknight|9/100
|-unboost|p2a: Corviknight|spd|1
|-damage|p1a: Dragapult|75/100 par|[from] item: Life Orb
|move|p2a: Corviknight|Brave Bird|p1a: Dragapult
|-damage|p1a: Dragapult|0 fnt
|-damage|p2a: Corviknight|0 fnt|[from] Recoil
|faint|p1a: Dragapult
|faint|p2a: Corviknight
|
|upkeep
|
|switch|p1a: Corviknight|Corviknight, M|34/100
|switch|p2a: Dragapult|Dragapult, F|100/100
|-damage|p2a: Dragapult|88/100|[from] Stealth Rock
|-ability|p1a: Corviknight|Pressure
|turn|15
|
|switch|p1a: Tyranitar|Tyranitar, M|100/100
|-weather|Sandstorm|[from] ability: Sand Stream|[of] p1a: Tyranitar
|move|p2a: Dragapult|Shadow Ball|p1a: Tyranitar
|-resisted|p1a: Tyranitar
|-damage|p1a: Tyranitar|89/100
|
|-weather|Sandstorm|[upkeep]
|-damage|p2a: Dragapult|82/100|[from] Sandstorm
|-heal|p1a: Tyranitar|96/100|[from] item: Leftovers
|upkeep
|turn|16
|
|switch|p2a: Ferrothorn|Ferrothorn, F, shiny|100/100
|-damage|p2a: Ferrothorn|94/100|[from] Stealth Rock
|move|p1a: Tyranitar|Earthquake|p2a: Ferrothorn
|-damage|p2a: Ferrothorn|74/100
|
|-weather|Sandstorm|[upkeep]
|-heal|p1a: Tyranitar|100/100|[from] item: Leftovers
|-heal|p2a: Ferrothorn|80/100|[from] item: Leftovers
|upkeep
|turn|17
|
|switch|p1a: Seismitoad|Seismitoad, F|50/100
|move|p2a: Ferrothorn|Thunder Wave|p1a: Seismitoad
|-immune|p1a: Seismitoad
|
|-weather|Sandstorm|[upkeep]
|-heal|p1a: Seismitoad|56/100|[from] item: Leftovers
|-heal|p2a: Ferrothorn|86/100|[from] item: Leftovers
|upkeep
|turn|18
|
|move|p1a: Seismitoad|Scald|p2a: Ferrothorn
|-resisted|p2a: Ferrothorn
|-damage|p2a: Ferrothorn|77/100
|move|p2a: Ferrothorn|Leech Seed|p1a: Seismitoad
|-start|p1a: Seismitoad|move: Leech Seed
|
|-weather|Sandstorm|[upkeep]
|-heal|p1a: Seismitoad|62/100|[from] item: Leftovers
|-heal|p2a: Ferrothorn|84/100|[from] item: Leftovers
|-damage|p1a: Seismitoad|50/100|[from] Leech Seed|[of] p2a: Ferrothorn
|-heal|p2a: Ferrothorn|98/100|[silent]
|upkeep
|turn|19
|
|switch|p1a: Conkeldurr|Conkeldurr, F|100/100
|switch|p2a: Cinderace|Cinderace, M|100/100
|
|-weather|none
|-status|p1a: Conkeldurr|brn|[from] item: Flame Orb
|upkeep
|turn|20
|
|move|p2a: Cinderace|Court Change|p2a: Cinderace
|-sideend|p2: darkaufeu77|Stealth Rock|[silent]
|-sidestart|p1: HunterTheGunner|Stealth Rock|[silent]
|-activate|p2a: Cinderace|move: Court Change
|move|p1a: Conkeldurr|Drain Punch|p2a: Cinderace
|-damage|p2a: Cinderace|6/100
|
|-damage|p1a: Conkeldurr|94/100 brn|[from] brn
|upkeep
|turn|21
|
|move|p2a: Cinderace|Pyro Ball|p1a: Conkeldurr
|-damage|p1a: Conkeldurr|25/100 brn
|move|p1a: Conkeldurr|Defog|p2a: Cinderace
|-unboost|p2a: Cinderace|evasion|1
|-sideend|p1: HunterTheGunner|Stealth Rock|[from] move: Defog|[of] p1a: Conkeldurr
|
|-damage|p1a: Conkeldurr|19/100 brn|[from] brn
|upkeep
|turn|22
|
|switch|p2a: Ferrothorn|Ferrothorn, F, shiny|98/100
|move|p1a: Conkeldurr|Mach Punch|p2a: Ferrothorn
|-supereffective|p2a: Ferrothorn
|-damage|p2a: Ferrothorn|50/100
|-damage|p1a: Conkeldurr|6/100 brn|[from] ability: Iron Barbs|[of] p2a: Ferrothorn
|
|-heal|p2a: Ferrothorn|56/100|[from] item: Leftovers
|-damage|p1a: Conkeldurr|0 fnt|[from] brn
|faint|p1a: Conkeldurr
|upkeep
|
|switch|p1a: Corviknight|Corviknight, M|34/100
|-ability|p1a: Corviknight|Pressure
|turn|23
|
|move|p1a: Corviknight|Roost|p1a: Corviknight
|-heal|p1a: Corviknight|84/100
|-singleturn|p1a: Corviknight|move: Roost
|move|p2a: Ferrothorn|Thunder Wave|p1a: Corviknight
|-status|p1a: Corviknight|par
|
|-heal|p1a: Corviknight|90/100 par|[from] item: Leftovers
|-heal|p2a: Ferrothorn|62/100|[from] item: Leftovers
|upkeep
|turn|24
|
|switch|p2a: Cinderace|Cinderace, M|6/100
|move|p1a: Corviknight|Substitute|p1a: Corviknight
|-start|p1a: Corviknight|Substitute
|-damage|p1a: Corviknight|65/100 par
|
|-heal|p1a: Corviknight|71/100 par|[from] item: Leftovers
|upkeep
|turn|25
|
|switch|p1a: Seismitoad|Seismitoad, F|50/100
|move|p2a: Cinderace|Pyro Ball|p1a: Seismitoad
|-resisted|p1a: Seismitoad
|-crit|p1a: Seismitoad
|-damage|p1a: Seismitoad|3/100
|
|-heal|p1a: Seismitoad|9/100|[from] item: Leftovers
|upkeep
|turn|26
|
|move|p2a: Cinderace|U-turn|p1a: Seismitoad
|-damage|p1a: Seismitoad|0 fnt
|faint|p1a: Seismitoad
|
|switch|p2a: Dragapult|Dragapult, F|82/100|[from]move: U-turn
|
|upkeep
|
|switch|p1a: Tyranitar|Tyranitar, M|100/100
|-weather|Sandstorm|[from] ability: Sand Stream|[of] p1a: Tyranitar
|turn|27
|
|move|p2a: Dragapult|Draco Meteor|p1a: Tyranitar
|-damage|p1a: Tyranitar|64/100
|-unboost|p2a: Dragapult|spa|2
|move|p1a: Tyranitar|Thunder Wave|p2a: Dragapult
|-status|p2a: Dragapult|par
|
|-weather|Sandstorm|[upkeep]
|-damage|p2a: Dragapult|76/100 par|[from] Sandstorm
|-heal|p1a: Tyranitar|70/100|[from] item: Leftovers
|upkeep
|turn|28
|
|switch|p1a: Corviknight|Corviknight, M|71/100 par
|-ability|p1a: Corviknight|Pressure
|cant|p2a: Dragapult|par
|
|-weather|Sandstorm|[upkeep]
|-damage|p2a: Dragapult|70/100 par|[from] Sandstorm
|-heal|p1a: Corviknight|78/100 par|[from] item: Leftovers
|upkeep
|turn|29
|
|switch|p2a: Cinderace|Cinderace, M|6/100
|move|p1a: Corviknight|Bulk Up|p1a: Corviknight
|-boost|p1a: Corviknight|atk|1
|-boost|p1a: Corviknight|def|1
|
|-weather|Sandstorm|[upkeep]
|-damage|p2a: Cinderace|0 fnt|[from] Sandstorm
|faint|p2a: Cinderace
|-heal|p1a: Corviknight|84/100 par|[from] item: Leftovers
|upkeep
|
|switch|p2a: Dracovish|Dracovish|15/100
|turn|30
|
|move|p2a: Dracovish|Fishious Rend|p1a: Corviknight
|-damage|p1a: Corviknight|3/100 par
|cant|p1a: Corviknight|par
|
|-weather|Sandstorm|[upkeep]
|-damage|p2a: Dracovish|8/100|[from] Sandstorm
|-heal|p1a: Corviknight|9/100 par|[from] item: Leftovers
|upkeep
|turn|31
|
|switch|p1a: Tyranitar|Tyranitar, M|70/100
|move|p2a: Dracovish|Fishious Rend|p1a: Tyranitar
|-supereffective|p1a: Tyranitar
|-damage|p1a: Tyranitar|0 fnt
|faint|p1a: Tyranitar
|
|-weather|none
|upkeep
|
|switch|p1a: Corviknight|Corviknight, M|9/100 par
|-ability|p1a: Corviknight|Pressure
|turn|32
|
|move|p2a: Dracovish|Fishious Rend|p1a: Corviknight
|-damage|p1a: Corviknight|0 fnt
|faint|p1a: Corviknight
|
|win|darkaufeu77
|l|☆HunterTheGunner
|c|☆darkaufeu77|gg
|raw|HunterTheGunner's rating: 1339 → 1317(-22 for losing)
|raw|darkaufeu77's rating: 1304 → 1326(+22 for winning)
