|ScrapeTime|2020-01-02-01:49:09
|j|☆Milos Tealeaf
|j|☆Kronkz
|player|p1|Milos Tealeaf|bruno|1538
|player|p2|Kronkz|nate|1526
|teamsize|p1|6
|teamsize|p2|6
|gametype|singles
|gen|8
|tier|[Gen 8] OU
|rated|
|rule|Sleep Clause Mod: Limit one foe put to sleep
|rule|Species Clause: Limit one of each Pokémon
|rule|OHKO Clause: OHKO moves are banned
|rule|Evasion Moves Clause: Evasion moves are banned
|rule|Endless Battle Clause: Forcing endless battles is banned
|rule|HP Percentage Mod: HP is shown in percentages
|clearpoke
|poke|p1|Rotom-Wash|
|poke|p1|Cinderace, F|
|poke|p1|Dugtrio, M|
|poke|p1|Ferrothorn, F|
|poke|p1|Lucario, M|
|poke|p1|Sylveon, F|
|poke|p2|Hydreigon, F|
|poke|p2|Aegislash, M|
|poke|p2|Conkeldurr, M|
|poke|p2|Clefable, F|
|poke|p2|Corviknight, M|
|poke|p2|Seismitoad, F|
|rule|Dynamax Clause: You cannot dynamax
|teampreview
|
|start
|switch|p1a: Ferrothorn|Ferrothorn, F|100/100
|switch|p2a: Seismitoad|Seismitoad, F|100/100
|turn|1
|
|switch|p2a: Clefable|Clefable, F|100/100
|move|p1a: Ferrothorn|Stealth Rock|p2a: Clefable
|-sidestart|p2: Kronkz|move: Stealth Rock
|
|upkeep
|turn|2
|
|switch|p1a: Sylveon|Sylveon, F|100/100
|move|p2a: Clefable|Flamethrower|p1a: Sylveon
|-crit|p1a: Sylveon
|-damage|p1a: Sylveon|63/100
|
|-heal|p1a: Sylveon|69/100|[from] item: Leftovers
|upkeep
|turn|3
|
|move|p2a: Clefable|Moonblast|p1a: Sylveon
|-damage|p1a: Sylveon|28/100
|-unboost|p1a: Sylveon|spa|1
|move|p1a: Sylveon|Wish|p1a: Sylveon
|
|-heal|p1a: Sylveon|34/100|[from] item: Leftovers
|upkeep
|turn|4
|
|move|p1a: Sylveon|Protect|p1a: Sylveon
|-singleturn|p1a: Sylveon|Protect
|move|p2a: Clefable|Moonblast|p1a: Sylveon
|-activate|p1a: Sylveon|move: Protect
|
|-heal|p1a: Sylveon|84/100|[from] move: Wish|[wisher] Sylveon
|-heal|p1a: Sylveon|90/100|[from] item: Leftovers
|upkeep
|turn|5
|
|move|p2a: Clefable|Moonblast|p1a: Sylveon
|-damage|p1a: Sylveon|47/100
|move|p1a: Sylveon|Calm Mind|p1a: Sylveon
|-boost|p1a: Sylveon|spa|1
|-boost|p1a: Sylveon|spd|1
|
|-heal|p1a: Sylveon|53/100|[from] item: Leftovers
|upkeep
|turn|6
|
|move|p2a: Clefable|Moonblast|p1a: Sylveon
|-damage|p1a: Sylveon|26/100
|move|p1a: Sylveon|Wish|p1a: Sylveon
|
|-heal|p1a: Sylveon|32/100|[from] item: Leftovers
|upkeep
|turn|7
|
|switch|p2a: Corviknight|Corviknight, M|100/100
|-damage|p2a: Corviknight|88/100|[from] Stealth Rock
|-ability|p2a: Corviknight|Pressure
|move|p1a: Sylveon|Protect||[still]
|-fail|p1a: Sylveon
|
|-heal|p1a: Sylveon|82/100|[from] move: Wish|[wisher] Sylveon
|-heal|p1a: Sylveon|88/100|[from] item: Leftovers
|upkeep
|turn|8
|
|move|p2a: Corviknight|Iron Head|p1a: Sylveon
|-supereffective|p1a: Sylveon
|-damage|p1a: Sylveon|51/100
|move|p1a: Sylveon|Calm Mind|p1a: Sylveon
|-boost|p1a: Sylveon|spa|1
|-boost|p1a: Sylveon|spd|1
|
|-heal|p1a: Sylveon|57/100|[from] item: Leftovers
|upkeep
|turn|9
|
|move|p1a: Sylveon|Protect|p1a: Sylveon
|-singleturn|p1a: Sylveon|Protect
|move|p2a: Corviknight|Iron Head|p1a: Sylveon
|-activate|p1a: Sylveon|move: Protect
|
|-heal|p1a: Sylveon|63/100|[from] item: Leftovers
|upkeep
|turn|10
|
|move|p2a: Corviknight|Iron Head|p1a: Sylveon
|-supereffective|p1a: Sylveon
|-damage|p1a: Sylveon|23/100
|move|p1a: Sylveon|Wish|p1a: Sylveon
|
|-heal|p1a: Sylveon|29/100|[from] item: Leftovers
|upkeep
|turn|11
|
|move|p1a: Sylveon|Protect|p1a: Sylveon
|-singleturn|p1a: Sylveon|Protect
|move|p2a: Corviknight|Iron Head|p1a: Sylveon
|-activate|p1a: Sylveon|move: Protect
|
|-heal|p1a: Sylveon|79/100|[from] move: Wish|[wisher] Sylveon
|-heal|p1a: Sylveon|86/100|[from] item: Leftovers
|upkeep
|turn|12
|
|move|p2a: Corviknight|Iron Head|p1a: Sylveon
|-supereffective|p1a: Sylveon
|-damage|p1a: Sylveon|48/100
|move|p1a: Sylveon|Wish|p1a: Sylveon
|
|-heal|p1a: Sylveon|55/100|[from] item: Leftovers
|upkeep
|turn|13
|
|move|p2a: Corviknight|Iron Head|p1a: Sylveon
|-supereffective|p1a: Sylveon
|-damage|p1a: Sylveon|14/100
|move|p1a: Sylveon|Hyper Voice|p2a: Corviknight
|-resisted|p2a: Corviknight
|-damage|p2a: Corviknight|63/100
|
|-heal|p1a: Sylveon|64/100|[from] move: Wish|[wisher] Sylveon
|-heal|p1a: Sylveon|71/100|[from] item: Leftovers
|upkeep
|turn|14
|
|move|p1a: Sylveon|Protect|p1a: Sylveon
|-singleturn|p1a: Sylveon|Protect
|move|p2a: Corviknight|Roost|p2a: Corviknight
|-heal|p2a: Corviknight|100/100
|-singleturn|p2a: Corviknight|move: Roost
|
|-heal|p1a: Sylveon|77/100|[from] item: Leftovers
|upkeep
|turn|15
|
|switch|p1a: Ferrothorn|Ferrothorn, F|100/100
|move|p2a: Corviknight|Defog|p1a: Ferrothorn
|-unboost|p1a: Ferrothorn|evasion|1
|-sideend|p2: Kronkz|Stealth Rock|[from] move: Defog|[of] p2a: Corviknight
|
|upkeep
|turn|16
|
|switch|p2a: Clefable|Clefable, F|100/100
|move|p1a: Ferrothorn|Knock Off|p2a: Clefable
|-resisted|p2a: Clefable
|-damage|p2a: Clefable|87/100
|-enditem|p2a: Clefable|Life Orb|[from] move: Knock Off|[of] p1a: Ferrothorn
|
|upkeep
|turn|17
|
|switch|p1a: Cinderace|Cinderace, F|100/100
|move|p2a: Clefable|Flamethrower|p1a: Cinderace
|-resisted|p1a: Cinderace
|-damage|p1a: Cinderace|81/100
|
|upkeep
|turn|18
|
|switch|p2a: Seismitoad|Seismitoad, F|100/100
|move|p1a: Cinderace|Pyro Ball|p2a: Seismitoad
|-resisted|p2a: Seismitoad
|-damage|p2a: Seismitoad|79/100
|
|-heal|p2a: Seismitoad|85/100|[from] item: Leftovers
|upkeep
|turn|19
|
|move|p1a: Cinderace|U-turn|p2a: Seismitoad
|-damage|p2a: Seismitoad|69/100
|
|switch|p1a: Rotom|Rotom-Wash|100/100|[from]move: U-turn
|move|p2a: Seismitoad|Stealth Rock|p1a: Rotom
|-sidestart|p1: Milos Tealeaf|move: Stealth Rock
|
|-heal|p2a: Seismitoad|75/100|[from] item: Leftovers
|upkeep
|turn|20
|
|switch|p1a: Ferrothorn|Ferrothorn, F|100/100
|-damage|p1a: Ferrothorn|95/100|[from] Stealth Rock
|move|p2a: Seismitoad|Protect||[still]
|-fail|p2a: Seismitoad
|
|-heal|p2a: Seismitoad|81/100|[from] item: Leftovers
|-heal|p1a: Ferrothorn|100/100|[from] item: Leftovers
|upkeep
|turn|21
|
|switch|p2a: Clefable|Clefable, F|87/100
|move|p1a: Ferrothorn|Stealth Rock|p2a: Clefable
|-sidestart|p2: Kronkz|move: Stealth Rock
|
|upkeep
|turn|22
|
|move|p2a: Clefable|Moonblast|p1a: Ferrothorn
|-resisted|p1a: Ferrothorn
|-damage|p1a: Ferrothorn|82/100
|move|p1a: Ferrothorn|Leech Seed|p2a: Clefable
|-start|p2a: Clefable|move: Leech Seed
|
|-heal|p1a: Ferrothorn|88/100|[from] item: Leftovers
|upkeep
|turn|23
|
|switch|p1a: Cinderace|Cinderace, F|81/100
|move|p2a: Clefable|Moonblast|p1a: Cinderace
|-resisted|p1a: Cinderace
|-damage|p1a: Cinderace|50/100
|
|upkeep
|turn|24
|
|switch|p2a: Seismitoad|Seismitoad, F|81/100
|-damage|p2a: Seismitoad|75/100|[from] Stealth Rock
|move|p1a: Cinderace|Pyro Ball|p2a: Seismitoad
|-resisted|p2a: Seismitoad
|-damage|p2a: Seismitoad|54/100
|
|-heal|p2a: Seismitoad|60/100|[from] item: Leftovers
|upkeep
|turn|25
|
|move|p2a: Seismitoad|Protect|p2a: Seismitoad
|-singleturn|p2a: Seismitoad|Protect
|move|p1a: Cinderace|U-turn|p2a: Seismitoad
|-activate|p2a: Seismitoad|move: Protect
|
|-heal|p2a: Seismitoad|66/100|[from] item: Leftovers
|upkeep
|turn|26
|
|move|p1a: Cinderace|U-turn|p2a: Seismitoad
|-damage|p2a: Seismitoad|50/100
|
|switch|p1a: Ferrothorn|Ferrothorn, F|88/100|[from]move: U-turn
|-damage|p1a: Ferrothorn|82/100|[from] Stealth Rock
|move|p2a: Seismitoad|Scald|p1a: Ferrothorn
|-resisted|p1a: Ferrothorn
|-damage|p1a: Ferrothorn|72/100
|
|-heal|p2a: Seismitoad|56/100|[from] item: Leftovers
|-heal|p1a: Ferrothorn|78/100|[from] item: Leftovers
|upkeep
|turn|27
|
|move|p2a: Seismitoad|Protect|p2a: Seismitoad
|-singleturn|p2a: Seismitoad|Protect
|move|p1a: Ferrothorn|Knock Off|p2a: Seismitoad
|-activate|p2a: Seismitoad|move: Protect
|
|-heal|p2a: Seismitoad|62/100|[from] item: Leftovers
|-heal|p1a: Ferrothorn|84/100|[from] item: Leftovers
|upkeep
|turn|28
|
|switch|p2a: Clefable|Clefable, F|87/100
|move|p1a: Ferrothorn|Power Whip|p2a: Clefable
|-damage|p2a: Clefable|39/100
|
|-heal|p1a: Ferrothorn|90/100|[from] item: Leftovers
|upkeep
|turn|29
|
|switch|p1a: Rotom|Rotom-Wash|100/100
|-damage|p1a: Rotom|88/100|[from] Stealth Rock
|move|p2a: Clefable|Moonlight|p2a: Clefable
|-heal|p2a: Clefable|89/100
|
|upkeep
|turn|30
|
|switch|p2a: Seismitoad|Seismitoad, F|62/100
|-damage|p2a: Seismitoad|56/100|[from] Stealth Rock
|move|p1a: Rotom|Volt Switch|p2a: Seismitoad
|-immune|p2a: Seismitoad
|
|-heal|p2a: Seismitoad|62/100|[from] item: Leftovers
|upkeep
|turn|31
|
|switch|p1a: Ferrothorn|Ferrothorn, F|90/100
|-damage|p1a: Ferrothorn|84/100|[from] Stealth Rock
|move|p2a: Seismitoad|Scald|p1a: Ferrothorn
|-resisted|p1a: Ferrothorn
|-damage|p1a: Ferrothorn|73/100
|
|-heal|p2a: Seismitoad|68/100|[from] item: Leftovers
|-heal|p1a: Ferrothorn|79/100|[from] item: Leftovers
|upkeep
|turn|32
|
|move|p2a: Seismitoad|Protect|p2a: Seismitoad
|-singleturn|p2a: Seismitoad|Protect
|move|p1a: Ferrothorn|Power Whip|p2a: Seismitoad
|-activate|p2a: Seismitoad|move: Protect
|
|-heal|p2a: Seismitoad|74/100|[from] item: Leftovers
|-heal|p1a: Ferrothorn|85/100|[from] item: Leftovers
|upkeep
|turn|33
|
|switch|p2a: Corviknight|Corviknight, M|100/100
|-damage|p2a: Corviknight|88/100|[from] Stealth Rock
|-ability|p2a: Corviknight|Pressure
|move|p1a: Ferrothorn|Power Whip|p2a: Corviknight
|-resisted|p2a: Corviknight
|-damage|p2a: Corviknight|81/100
|-damage|p1a: Ferrothorn|69/100|[from] item: Rocky Helmet|[of] p2a: Corviknight
|
|-heal|p1a: Ferrothorn|75/100|[from] item: Leftovers
|upkeep
|turn|34
|
|move|p2a: Corviknight|U-turn|p1a: Ferrothorn
|-damage|p1a: Ferrothorn|65/100
|-damage|p2a: Corviknight|68/100|[from] ability: Iron Barbs|[of] p1a: Ferrothorn
|
|switch|p2a: Clefable|Clefable, F|89/100|[from]move: U-turn
|move|p1a: Ferrothorn|Knock Off|p2a: Clefable
|-resisted|p2a: Clefable
|-damage|p2a: Clefable|81/100
|
|-heal|p1a: Ferrothorn|71/100|[from] item: Leftovers
|upkeep
|turn|35
|
|switch|p1a: Sylveon|Sylveon, F|77/100
|-damage|p1a: Sylveon|64/100|[from] Stealth Rock
|move|p2a: Clefable|Flamethrower|p1a: Sylveon
|-damage|p1a: Sylveon|44/100
|-status|p1a: Sylveon|brn
|
|-heal|p1a: Sylveon|50/100 brn|[from] item: Leftovers
|-damage|p1a: Sylveon|44/100 brn|[from] brn
|upkeep
|turn|36
|
|switch|p2a: Corviknight|Corviknight, M|68/100
|-damage|p2a: Corviknight|56/100|[from] Stealth Rock
|-ability|p2a: Corviknight|Pressure
|move|p1a: Sylveon|Wish|p1a: Sylveon
|
|-heal|p1a: Sylveon|50/100 brn|[from] item: Leftovers
|-damage|p1a: Sylveon|44/100 brn|[from] brn
|upkeep
|turn|37
|
|move|p1a: Sylveon|Protect|p1a: Sylveon
|-singleturn|p1a: Sylveon|Protect
|move|p2a: Corviknight|Roost|p2a: Corviknight
|-heal|p2a: Corviknight|100/100
|-singleturn|p2a: Corviknight|move: Roost
|
|-heal|p1a: Sylveon|94/100 brn|[from] move: Wish|[wisher] Sylveon
|-heal|p1a: Sylveon|100/100 brn|[from] item: Leftovers
|-damage|p1a: Sylveon|94/100 brn|[from] brn
|upkeep
|turn|38
|
|move|p2a: Corviknight|Iron Head|p1a: Sylveon
|-supereffective|p1a: Sylveon
|-damage|p1a: Sylveon|54/100 brn
|move|p1a: Sylveon|Wish|p1a: Sylveon
|
|-heal|p1a: Sylveon|60/100 brn|[from] item: Leftovers
|-damage|p1a: Sylveon|54/100 brn|[from] brn
|upkeep
|turn|39
|
|move|p1a: Sylveon|Protect|p1a: Sylveon
|-singleturn|p1a: Sylveon|Protect
|move|p2a: Corviknight|Iron Head|p1a: Sylveon
|-activate|p1a: Sylveon|move: Protect
|
|-heal|p1a: Sylveon|100/100 brn|[from] move: Wish|[wisher] Sylveon
|-damage|p1a: Sylveon|94/100 brn|[from] brn
|upkeep
|turn|40
|
|switch|p1a: Ferrothorn|Ferrothorn, F|71/100
|-damage|p1a: Ferrothorn|65/100|[from] Stealth Rock
|move|p2a: Corviknight|Iron Head|p1a: Ferrothorn
|-resisted|p1a: Ferrothorn
|-damage|p1a: Ferrothorn|57/100
|-damage|p2a: Corviknight|88/100|[from] ability: Iron Barbs|[of] p1a: Ferrothorn
|
|-heal|p1a: Ferrothorn|63/100|[from] item: Leftovers
|upkeep
|turn|41
|
|switch|p1a: Cinderace|Cinderace, F|50/100
|move|p2a: Corviknight|Defog|p1a: Cinderace
|-unboost|p1a: Cinderace|evasion|1
|-sideend|p1: Milos Tealeaf|Stealth Rock|[from] move: Defog|[of] p2a: Corviknight
|-sideend|p2: Kronkz|Stealth Rock|[from] move: Defog|[of] p2a: Corviknight
|
|upkeep
|turn|42
|
|switch|p2a: Seismitoad|Seismitoad, F|74/100
|move|p1a: Cinderace|U-turn|p2a: Seismitoad
|-crit|p2a: Seismitoad
|-damage|p2a: Seismitoad|50/100
|
|switch|p1a: Lucario|Lucario, M|100/100|[from]move: U-turn
|
|-heal|p2a: Seismitoad|56/100|[from] item: Leftovers
|upkeep
|turn|43
|
|switch|p2a: Aegislash|Aegislash, M|100/100
|move|p1a: Lucario|Close Combat|p2a: Aegislash
|-immune|p2a: Aegislash
|
|upkeep
|turn|44
|
|switch|p1a: Ferrothorn|Ferrothorn, F|63/100
|switch|p2a: Corviknight|Corviknight, M|88/100
|-ability|p2a: Corviknight|Pressure
|
|-heal|p1a: Ferrothorn|69/100|[from] item: Leftovers
|upkeep
|turn|45
|
|switch|p2a: Clefable|Clefable, F|81/100
|move|p1a: Ferrothorn|Leech Seed|p2a: Clefable
|-start|p2a: Clefable|move: Leech Seed
|
|-heal|p1a: Ferrothorn|75/100|[from] item: Leftovers
|upkeep
|turn|46
|
|switch|p1a: Rotom|Rotom-Wash|88/100
|move|p2a: Clefable|Moonblast|p1a: Rotom
|-damage|p1a: Rotom|27/100
|-unboost|p1a: Rotom|spa|1
|
|upkeep
|turn|47
|
|switch|p2a: Hydreigon|Hydreigon, F|100/100
|move|p1a: Rotom|Rest|p1a: Rotom
|-status|p1a: Rotom|slp|[from] move: Rest
|-heal|p1a: Rotom|100/100 slp|[silent]
|-enditem|p1a: Rotom|Chesto Berry|[eat]
|-curestatus|p1a: Rotom|slp|[msg]
|
|upkeep
|turn|48
|
|move|p2a: Hydreigon|Dark Pulse|p1a: Rotom
|-damage|p1a: Rotom|43/100
|move|p1a: Rotom|Volt Switch|p2a: Hydreigon
|-resisted|p2a: Hydreigon
|-damage|p2a: Hydreigon|89/100
|
|switch|p1a: Lucario|Lucario, M|100/100|[from]move: Volt Switch
|
|upkeep
|turn|49
|
|switch|p2a: Corviknight|Corviknight, M|88/100
|-ability|p2a: Corviknight|Pressure
|move|p1a: Lucario|Earthquake|p2a: Corviknight
|-immune|p2a: Corviknight
|
|upkeep
|turn|50
|
|move|p1a: Lucario|Swords Dance|p1a: Lucario
|-boost|p1a: Lucario|atk|2
|move|p2a: Corviknight|U-turn|p1a: Lucario
|-resisted|p1a: Lucario
|-damage|p1a: Lucario|94/100
|
|switch|p2a: Hydreigon|Hydreigon, F|89/100|[from]move: U-turn
|
|upkeep
|turn|51
|
|move|p1a: Lucario|Bullet Punch|p2a: Hydreigon
|-damage|p2a: Hydreigon|29/100
|-damage|p1a: Lucario|84/100|[from] item: Life Orb
|move|p2a: Hydreigon|U-turn|p1a: Lucario
|-resisted|p1a: Lucario
|-damage|p1a: Lucario|78/100
|
|switch|p2a: Corviknight|Corviknight, M|88/100|[from]move: U-turn
|-ability|p2a: Corviknight|Pressure
|
|upkeep
|turn|52
|
|move|p1a: Lucario|Close Combat|p2a: Corviknight
|-damage|p2a: Corviknight|0 fnt
|-damage|p1a: Lucario|62/100|[from] item: Rocky Helmet|[of] p2a: Corviknight
|-unboost|p1a: Lucario|def|1
|-unboost|p1a: Lucario|spd|1
|-damage|p1a: Lucario|52/100|[from] item: Life Orb
|faint|p2a: Corviknight
|
|upkeep
|
|switch|p2a: Conkeldurr|Conkeldurr, M|100/100
|turn|53
|
|switch|p1a: Ferrothorn|Ferrothorn, F|75/100
|move|p2a: Conkeldurr|Mach Punch|p1a: Ferrothorn
|-supereffective|p1a: Ferrothorn
|-damage|p1a: Ferrothorn|48/100
|-damage|p2a: Conkeldurr|88/100|[from] ability: Iron Barbs|[of] p1a: Ferrothorn
|
|-heal|p1a: Ferrothorn|53/100|[from] item: Leftovers
|-status|p2a: Conkeldurr|brn|[from] item: Flame Orb
|upkeep
|turn|54
|
|switch|p1a: Rotom|Rotom-Wash|43/100
|move|p2a: Conkeldurr|Drain Punch|p1a: Rotom
|-damage|p1a: Rotom|0 fnt
|-heal|p2a: Conkeldurr|100/100 brn|[from] drain|[of] p1a: Rotom
|faint|p1a: Rotom
|
|-damage|p2a: Conkeldurr|94/100 brn|[from] brn
|upkeep
|
|switch|p1a: Sylveon|Sylveon, F|94/100 brn
|turn|55
|
|switch|p2a: Aegislash|Aegislash, M|100/100
|move|p1a: Sylveon|Calm Mind|p1a: Sylveon
|-boost|p1a: Sylveon|spa|1
|-boost|p1a: Sylveon|spd|1
|
|-heal|p1a: Sylveon|100/100 brn|[from] item: Leftovers
|-damage|p1a: Sylveon|94/100 brn|[from] brn
|upkeep
|turn|56
|
|switch|p1a: Ferrothorn|Ferrothorn, F|53/100
|-formechange|p2a: Aegislash|Aegislash-Blade||[from] ability: Stance Change
|move|p2a: Aegislash|Iron Head|p1a: Ferrothorn
|-resisted|p1a: Ferrothorn
|-damage|p1a: Ferrothorn|33/100
|-damage|p2a: Aegislash|88/100|[from] ability: Iron Barbs|[of] p1a: Ferrothorn
|
|-heal|p1a: Ferrothorn|39/100|[from] item: Leftovers
|upkeep
|turn|57
|
|switch|p2a: Clefable|Clefable, F|81/100
|move|p1a: Ferrothorn|Stealth Rock|p2a: Clefable
|-sidestart|p2: Kronkz|move: Stealth Rock
|
|-heal|p1a: Ferrothorn|45/100|[from] item: Leftovers
|upkeep
|turn|58
|
|switch|p1a: Cinderace|Cinderace, F|50/100
|move|p2a: Clefable|Moonblast|p1a: Cinderace
|-resisted|p1a: Cinderace
|-damage|p1a: Cinderace|19/100
|
|upkeep
|turn|59
|
|switch|p2a: Seismitoad|Seismitoad, F|56/100
|-damage|p2a: Seismitoad|50/100|[from] Stealth Rock
|move|p1a: Cinderace|Pyro Ball|p2a: Seismitoad
|-resisted|p2a: Seismitoad
|-damage|p2a: Seismitoad|17/100
|
|-heal|p2a: Seismitoad|23/100|[from] item: Leftovers
|upkeep
|turn|60
|
|move|p2a: Seismitoad|Protect|p2a: Seismitoad
|-singleturn|p2a: Seismitoad|Protect
|move|p1a: Cinderace|Pyro Ball|p2a: Seismitoad
|-activate|p2a: Seismitoad|move: Protect
|
|-heal|p2a: Seismitoad|29/100|[from] item: Leftovers
|upkeep
|turn|61
|
|move|p1a: Cinderace|Pyro Ball|p2a: Seismitoad
|-resisted|p2a: Seismitoad
|-damage|p2a: Seismitoad|0 fnt
|faint|p2a: Seismitoad
|
|upkeep
|
|switch|p2a: Conkeldurr|Conkeldurr, M|94/100 brn
|-damage|p2a: Conkeldurr|88/100 brn|[from] Stealth Rock
|turn|62
|
|switch|p1a: Ferrothorn|Ferrothorn, F|45/100
|move|p2a: Conkeldurr|Earthquake|p1a: Ferrothorn
|-damage|p1a: Ferrothorn|10/100
|
|-heal|p1a: Ferrothorn|16/100|[from] item: Leftovers
|-damage|p2a: Conkeldurr|82/100 brn|[from] brn
|upkeep
|turn|63
|
|move|p2a: Conkeldurr|Earthquake|p1a: Ferrothorn
|-damage|p1a: Ferrothorn|0 fnt
|faint|p1a: Ferrothorn
|
|-damage|p2a: Conkeldurr|76/100 brn|[from] brn
|upkeep
|
|switch|p1a: Sylveon|Sylveon, F|94/100 brn
|turn|64
|
|switch|p2a: Aegislash|Aegislash, M|88/100
|-damage|p2a: Aegislash|82/100|[from] Stealth Rock
|move|p1a: Sylveon|Wish|p1a: Sylveon
|
|-heal|p1a: Sylveon|100/100 brn|[from] item: Leftovers
|-damage|p1a: Sylveon|94/100 brn|[from] brn
|upkeep
|turn|65
|
|switch|p1a: Dugtrio|Dugtrio, M|100/100
|-formechange|p2a: Aegislash|Aegislash-Blade||[from] ability: Stance Change
|move|p2a: Aegislash|Shadow Sneak|p1a: Dugtrio
|-enditem|p1a: Dugtrio|Focus Sash
|-damage|p1a: Dugtrio|1/100
|
|-heal|p1a: Dugtrio|94/100|[from] move: Wish|[wisher] Sylveon
|upkeep
|turn|66
|
|move|p1a: Dugtrio|Sucker Punch|p2a: Aegislash
|-supereffective|p2a: Aegislash
|-damage|p2a: Aegislash|0 fnt
|faint|p2a: Aegislash
|
|upkeep
|c|☆Kronkz|ff
|c|☆Kronkz|fucking forgot
|
|switch|p2a: Hydreigon|Hydreigon, F|29/100
|-damage|p2a: Hydreigon|16/100|[from] Stealth Rock
|turn|67
|
|move|p1a: Dugtrio|Sucker Punch|p2a: Hydreigon
|-resisted|p2a: Hydreigon
|-damage|p2a: Hydreigon|4/100
|move|p2a: Hydreigon|Dark Pulse|p1a: Dugtrio
|-damage|p1a: Dugtrio|9/100
|
|upkeep
|turn|68
|
|move|p2a: Hydreigon|Dark Pulse|p1a: Dugtrio
|-damage|p1a: Dugtrio|0 fnt
|faint|p1a: Dugtrio
|
|upkeep
|
|switch|p1a: Sylveon|Sylveon, F|94/100 brn
|turn|69
|
|switch|p2a: Clefable|Clefable, F|81/100
|move|p1a: Sylveon|Calm Mind|p1a: Sylveon
|-boost|p1a: Sylveon|spa|1
|-boost|p1a: Sylveon|spd|1
|
|-heal|p1a: Sylveon|100/100 brn|[from] item: Leftovers
|-damage|p1a: Sylveon|94/100 brn|[from] brn
|upkeep
|turn|70
|
|move|p2a: Clefable|Moonblast|p1a: Sylveon
|-damage|p1a: Sylveon|74/100 brn
|move|p1a: Sylveon|Calm Mind|p1a: Sylveon
|-boost|p1a: Sylveon|spa|1
|-boost|p1a: Sylveon|spd|1
|
|-heal|p1a: Sylveon|80/100 brn|[from] item: Leftovers
|-damage|p1a: Sylveon|74/100 brn|[from] brn
|upkeep
|turn|71
|-message|Kronkz forfeited.
|
|win|Milos Tealeaf
|l|☆Kronkz
|raw|Milos Tealeaf's rating: 1529 → 1547(+18 for winning)
|raw|Kronkz's rating: 1503 → 1485(-18 for losing)
