|ScrapeTime|2020-01-01-18:58:41
|j|☆Carved1337
|j|☆Le s3l
|player|p1|Carved1337|265|1126
|player|p2|Le s3l|acetrainerf|1098
|teamsize|p1|6
|teamsize|p2|6
|gametype|singles
|gen|8
|tier|[Gen 8] OU
|rated|
|rule|Sleep Clause Mod: Limit one foe put to sleep
|rule|Species Clause: Limit one of each Pokémon
|rule|OHKO Clause: OHKO moves are banned
|rule|Evasion Moves Clause: Evasion moves are banned
|rule|Endless Battle Clause: Forcing endless battles is banned
|rule|HP Percentage Mod: HP is shown in percentages
|clearpoke
|poke|p1|Arctozolt|
|poke|p1|Excadrill, M|
|poke|p1|Tyranitar, M|
|poke|p1|Rotom-Heat|
|poke|p1|Milotic, F|
|poke|p1|Gengar, M|
|poke|p2|Seismitoad, M|
|poke|p2|Conkeldurr, F|
|poke|p2|Dragapult, M|
|poke|p2|Togekiss, M|
|poke|p2|Mandibuzz, F|
|poke|p2|Toxapex, M|
|rule|Dynamax Clause: You cannot dynamax
|teampreview
|inactive|Battle timer is ON: inactive players will automatically lose when time's up. (requested by Le s3l)
|
|start
|switch|p1a: Rotom|Rotom-Heat|100/100
|switch|p2a: Seismitoad|Seismitoad, M|100/100
|turn|1
|
|move|p1a: Rotom|Will-O-Wisp|p2a: Seismitoad
|-status|p2a: Seismitoad|brn
|move|p2a: Seismitoad|Toxic|p1a: Rotom
|-status|p1a: Rotom|tox
|
|-damage|p1a: Rotom|94/100 tox|[from] psn
|-damage|p2a: Seismitoad|94/100 brn|[from] brn
|upkeep
|turn|2
|
|switch|p1a: Tyranitar|Tyranitar, M|100/100
|-weather|Sandstorm|[from] ability: Sand Stream|[of] p1a: Tyranitar
|move|p2a: Seismitoad|Stealth Rock|p1a: Tyranitar
|-sidestart|p1: Carved1337|move: Stealth Rock
|
|-weather|Sandstorm|[upkeep]
|-heal|p2a: Seismitoad|100/100 brn|[from] item: Leftovers
|-damage|p2a: Seismitoad|94/100 brn|[from] brn
|upkeep
|turn|3
|
|move|p2a: Seismitoad|Toxic|p1a: Tyranitar
|-status|p1a: Tyranitar|tox
|move|p1a: Tyranitar|Stealth Rock|p2a: Seismitoad
|-sidestart|p2: Le s3l|move: Stealth Rock
|
|-weather|Sandstorm|[upkeep]
|-heal|p2a: Seismitoad|100/100 brn|[from] item: Leftovers
|-damage|p2a: Seismitoad|94/100 brn|[from] brn
|-damage|p1a: Tyranitar|94/100 tox|[from] psn
|upkeep
|turn|4
|
|move|p2a: Seismitoad|Hydro Pump|p1a: Tyranitar
|-supereffective|p1a: Tyranitar
|-damage|p1a: Tyranitar|62/100 tox
|move|p1a: Tyranitar|Earthquake|p2a: Seismitoad
|-damage|p2a: Seismitoad|71/100 brn
|
|-weather|Sandstorm|[upkeep]
|-heal|p2a: Seismitoad|77/100 brn|[from] item: Leftovers
|-damage|p2a: Seismitoad|71/100 brn|[from] brn
|-damage|p1a: Tyranitar|50/100 tox|[from] psn
|upkeep
|turn|5
|
|move|p2a: Seismitoad|Hydro Pump|p1a: Tyranitar
|-supereffective|p1a: Tyranitar
|-damage|p1a: Tyranitar|13/100 tox
|move|p1a: Tyranitar|Earthquake|p2a: Seismitoad
|-damage|p2a: Seismitoad|44/100 brn
|
|-weather|Sandstorm|[upkeep]
|-heal|p2a: Seismitoad|50/100 brn|[from] item: Leftovers
|-damage|p2a: Seismitoad|44/100 brn|[from] brn
|-damage|p1a: Tyranitar|0 fnt|[from] psn
|faint|p1a: Tyranitar
|upkeep
|
|switch|p1a: Gengar|Gengar, M|100/100
|-damage|p1a: Gengar|88/100|[from] Stealth Rock
|turn|6
|
|switch|p2a: Togekiss|Togekiss, M|100/100
|-damage|p2a: Togekiss|76/100|[from] Stealth Rock
|move|p1a: Gengar|Shadow Ball|p2a: Togekiss
|-damage|p2a: Togekiss|50/100
|-damage|p1a: Gengar|78/100|[from] item: Life Orb
|
|-weather|none
|upkeep
|turn|7
|
|move|p1a: Gengar|Sludge Bomb|p2a: Togekiss
|-supereffective|p2a: Togekiss
|-damage|p2a: Togekiss|0 fnt
|-damage|p1a: Gengar|68/100|[from] item: Life Orb
|faint|p2a: Togekiss
|
|upkeep
|
|switch|p2a: Dragapult|Dragapult, M|100/100
|-damage|p2a: Dragapult|88/100|[from] Stealth Rock
|turn|8
|
|switch|p1a: Milotic|Milotic, F, shiny|100/100
|-damage|p1a: Milotic|88/100|[from] Stealth Rock
|move|p2a: Dragapult|Shadow Ball|p1a: Milotic
|-damage|p1a: Milotic|44/100
|
|-heal|p1a: Milotic|50/100|[from] item: Leftovers
|upkeep
|turn|9
|
|move|p2a: Dragapult|Shadow Ball|p1a: Milotic
|-damage|p1a: Milotic|7/100
|-unboost|p1a: Milotic|spd|1
|move|p1a: Milotic|Rest|p1a: Milotic
|-status|p1a: Milotic|slp|[from] move: Rest
|-heal|p1a: Milotic|100/100 slp|[silent]
|
|upkeep
|turn|10
|
|move|p2a: Dragapult|Shadow Ball|p1a: Milotic
|-damage|p1a: Milotic|37/100 slp
|cant|p1a: Milotic|slp
|move|p1a: Milotic|Sleep Talk|p1a: Milotic
|move|p1a: Milotic|Scald|p2a: Dragapult|[from]Sleep Talk
|-resisted|p2a: Dragapult
|-damage|p2a: Dragapult|64/100
|
|-heal|p1a: Milotic|43/100 slp|[from] item: Leftovers
|upkeep
|turn|11
|
|move|p2a: Dragapult|Shadow Ball|p1a: Milotic
|-damage|p1a: Milotic|0 fnt
|faint|p1a: Milotic
|
|upkeep
|
|switch|p1a: Arctozolt|Arctozolt|100/100
|-damage|p1a: Arctozolt|76/100|[from] Stealth Rock
|turn|12
|
|switch|p2a: Seismitoad|Seismitoad, M|44/100 brn
|-damage|p2a: Seismitoad|38/100 brn|[from] Stealth Rock
|move|p1a: Arctozolt|Icicle Crash|p2a: Seismitoad
|-damage|p2a: Seismitoad|11/100 brn
|
|-heal|p2a: Seismitoad|17/100 brn|[from] item: Leftovers
|-damage|p2a: Seismitoad|11/100 brn|[from] brn
|upkeep
|turn|13
|
|move|p1a: Arctozolt|Low Kick|p2a: Seismitoad
|-damage|p2a: Seismitoad|0 fnt
|faint|p2a: Seismitoad
|
|upkeep
|
|switch|p2a: Conkeldurr|Conkeldurr, F|100/100
|-damage|p2a: Conkeldurr|94/100|[from] Stealth Rock
|turn|14
|
|switch|p1a: Rotom|Rotom-Heat|94/100 tox
|-damage|p1a: Rotom|69/100 tox|[from] Stealth Rock
|move|p2a: Conkeldurr|Fire Punch|p1a: Rotom
|-resisted|p1a: Rotom
|-damage|p1a: Rotom|41/100 tox
|
|-damage|p1a: Rotom|34/100 tox|[from] psn
|upkeep
|turn|15
|
|switch|p2a: Dragapult|Dragapult, M|64/100
|-damage|p2a: Dragapult|51/100|[from] Stealth Rock
|move|p1a: Rotom|Will-O-Wisp|p2a: Dragapult|[miss]
|-miss|p1a: Rotom|p2a: Dragapult
|
|-damage|p1a: Rotom|22/100 tox|[from] psn
|upkeep
|turn|16
|
|move|p1a: Rotom|Will-O-Wisp|p2a: Dragapult
|-status|p2a: Dragapult|brn
|move|p2a: Dragapult|Shadow Ball|p1a: Rotom
|-damage|p1a: Rotom|0 fnt
|faint|p1a: Rotom
|
|-damage|p2a: Dragapult|45/100 brn|[from] brn
|upkeep
|
|switch|p1a: Gengar|Gengar, M|68/100
|-damage|p1a: Gengar|56/100|[from] Stealth Rock
|turn|17
|
|move|p2a: Dragapult|Shadow Ball|p1a: Gengar
|-supereffective|p1a: Gengar
|-damage|p1a: Gengar|0 fnt
|faint|p1a: Gengar
|
|-damage|p2a: Dragapult|39/100 brn|[from] brn
|upkeep
|
|switch|p1a: Arctozolt|Arctozolt|76/100
|-damage|p1a: Arctozolt|51/100|[from] Stealth Rock
|turn|18
|
|move|p2a: Dragapult|Shadow Ball|p1a: Arctozolt
|-damage|p1a: Arctozolt|4/100
|move|p1a: Arctozolt|Icicle Crash|p2a: Dragapult
|-supereffective|p2a: Dragapult
|-damage|p2a: Dragapult|0 fnt
|faint|p2a: Dragapult
|
|upkeep
|
|switch|p2a: Conkeldurr|Conkeldurr, F|94/100
|-damage|p2a: Conkeldurr|88/100|[from] Stealth Rock
|turn|19
|
|move|p2a: Conkeldurr|Mach Punch|p1a: Arctozolt
|-supereffective|p1a: Arctozolt
|-damage|p1a: Arctozolt|0 fnt
|-status|p2a: Conkeldurr|par|[from] ability: Static|[of] p1a: Arctozolt
|faint|p1a: Arctozolt
|
|upkeep
|
|switch|p1a: Excadrill|Excadrill, M, shiny|100/100
|-damage|p1a: Excadrill|97/100|[from] Stealth Rock
|turn|20
|
|move|p2a: Conkeldurr|Mach Punch|p1a: Excadrill
|-supereffective|p1a: Excadrill
|-damage|p1a: Excadrill|0 fnt
|faint|p1a: Excadrill
|
|win|Le s3l
|l|☆Carved1337
|raw|Carved1337's rating: 1126 → 1097(-29 for losing)
|raw|Le s3l's rating: 1078 → 1110(+32 for winning)
