|ScrapeTime|2020-01-01-23:16:26
|j|☆peska
|j|☆Leonheart45
|player|p1|peska|petrel|1331
|player|p2|Leonheart45|167|1300
|teamsize|p1|6
|teamsize|p2|6
|gametype|singles
|gen|8
|tier|[Gen 8] OU
|rated|
|rule|Sleep Clause Mod: Limit one foe put to sleep
|rule|Species Clause: Limit one of each Pokémon
|rule|OHKO Clause: OHKO moves are banned
|rule|Evasion Moves Clause: Evasion moves are banned
|rule|Endless Battle Clause: Forcing endless battles is banned
|rule|HP Percentage Mod: HP is shown in percentages
|clearpoke
|poke|p1|Milotic, F|
|poke|p1|Ferrothorn, F|
|poke|p1|Toxtricity, M|
|poke|p1|Flygon, M|
|poke|p1|Conkeldurr, F|
|poke|p1|Salazzle, F|
|poke|p2|Corsola-Galar, F|
|poke|p2|Clefable, F|
|poke|p2|Mandibuzz, F|
|poke|p2|Copperajah, M|
|poke|p2|Toxtricity, M|
|poke|p2|Dragapult, M|
|rule|Dynamax Clause: You cannot dynamax
|teampreview
|inactive|Battle timer is ON: inactive players will automatically lose when time's up. (requested by peska)
|
|start
|switch|p1a: Salazzle|Salazzle, F|100/100
|switch|p2a: Toxtricity|Toxtricity, M|100/100
|turn|1
|
|switch|p1a: Ferrothorn|Ferrothorn, F|100/100
|move|p2a: Toxtricity|Boomburst|p1a: Ferrothorn
|-resisted|p1a: Ferrothorn
|-damage|p1a: Ferrothorn|62/100
|
|-heal|p1a: Ferrothorn|68/100|[from] item: Leftovers
|upkeep
|turn|2
|
|switch|p2a: Clefable|Clefable, F, shiny|100/100
|move|p1a: Ferrothorn|Gyro Ball|p2a: Clefable
|-supereffective|p2a: Clefable
|-damage|p2a: Clefable|50/100
|
|-heal|p1a: Ferrothorn|75/100|[from] item: Leftovers
|upkeep
|turn|3
|
|switch|p2a: Copperajah|Copperajah, M|100/100
|switch|p1a: Salazzle|Salazzle, F|100/100
|
|upkeep
|turn|4
|
|move|p1a: Salazzle|Flamethrower|p2a: Copperajah
|-supereffective|p2a: Copperajah
|-damage|p2a: Copperajah|55/100
|move|p2a: Copperajah|Earthquake|p1a: Salazzle
|-supereffective|p1a: Salazzle
|-damage|p1a: Salazzle|0 fnt
|faint|p1a: Salazzle
|
|upkeep
|
|switch|p1a: Conkeldurr|Conkeldurr, F|100/100
|turn|5
|
|switch|p2a: Corsola|Corsola-Galar, F|100/100
|move|p1a: Conkeldurr|Earthquake|p2a: Corsola
|-damage|p2a: Corsola|78/100
|
|-status|p1a: Conkeldurr|brn|[from] item: Flame Orb
|upkeep
|turn|6
|
|switch|p1a: Toxtricity|Toxtricity, M|100/100
|move|p2a: Corsola|Strength Sap|p1a: Toxtricity
|-unboost|p1a: Toxtricity|atk|1
|-heal|p2a: Corsola|100/100
|
|upkeep
|turn|7
|
|move|p1a: Toxtricity|Overdrive|p2a: Corsola
|-damage|p2a: Corsola|39/100
|move|p2a: Corsola|Night Shade|p1a: Toxtricity
|-damage|p1a: Toxtricity|66/100
|
|upkeep
|turn|8
|
|switch|p2a: Toxtricity|Toxtricity, M|100/100
|move|p1a: Toxtricity|Overdrive|p2a: Toxtricity
|-resisted|p2a: Toxtricity
|-damage|p2a: Toxtricity|64/100
|
|upkeep
|turn|9
|
|switch|p1a: Ferrothorn|Ferrothorn, F|75/100
|move|p2a: Toxtricity|Boomburst|p1a: Ferrothorn
|-resisted|p1a: Ferrothorn
|-damage|p1a: Ferrothorn|39/100
|
|-heal|p1a: Ferrothorn|46/100|[from] item: Leftovers
|upkeep
|turn|10
|
|switch|p2a: Copperajah|Copperajah, M|55/100
|move|p1a: Ferrothorn|Spikes|p2a: Copperajah
|-sidestart|p2: Leonheart45|Spikes
|
|-heal|p1a: Ferrothorn|52/100|[from] item: Leftovers
|upkeep
|turn|11
|
|switch|p1a: Conkeldurr|Conkeldurr, F|100/100 brn
|move|p2a: Copperajah|Heat Crash|p1a: Conkeldurr
|-damage|p1a: Conkeldurr|66/100 brn
|
|-damage|p1a: Conkeldurr|60/100 brn|[from] brn
|upkeep
|turn|12
|
|switch|p2a: Mandibuzz|Mandibuzz, F|100/100
|move|p1a: Conkeldurr|Earthquake|p2a: Mandibuzz
|-immune|p2a: Mandibuzz
|
|-damage|p1a: Conkeldurr|54/100 brn|[from] brn
|upkeep
|turn|13
|
|move|p2a: Mandibuzz|Defog|p1a: Conkeldurr
|-unboost|p1a: Conkeldurr|evasion|1
|-sideend|p2: Leonheart45|Spikes|[from] move: Defog|[of] p2a: Mandibuzz
|move|p1a: Conkeldurr|Thunder Punch|p2a: Mandibuzz
|-supereffective|p2a: Mandibuzz
|-damage|p2a: Mandibuzz|34/100
|
|-damage|p1a: Conkeldurr|48/100 brn|[from] brn
|upkeep
|turn|14
|
|switch|p2a: Clefable|Clefable, F, shiny|50/100
|move|p1a: Conkeldurr|Earthquake|p2a: Clefable
|-damage|p2a: Clefable|4/100
|
|-damage|p1a: Conkeldurr|41/100 brn|[from] brn
|upkeep
|turn|15
|
|switch|p2a: Dragapult|Dragapult, M|100/100
|move|p1a: Conkeldurr|Mach Punch|p2a: Dragapult
|-immune|p2a: Dragapult
|
|-damage|p1a: Conkeldurr|35/100 brn|[from] brn
|upkeep
|turn|16
|
|move|p2a: Dragapult|Dragon Darts|p1a: Conkeldurr
|-damage|p1a: Conkeldurr|12/100 brn
|-damage|p1a: Conkeldurr|0 fnt
|-hitcount|p1a: Conkeldurr|2
|faint|p1a: Conkeldurr
|
|upkeep
|
|switch|p1a: Flygon|Flygon, M|100/100
|turn|17
|
|switch|p2a: Clefable|Clefable, F, shiny|4/100
|move|p1a: Flygon|Outrage|p2a: Clefable
|-immune|p2a: Clefable
|
|upkeep
|turn|18
|
|switch|p1a: Milotic|Milotic, F|100/100
|move|p2a: Clefable|Moonlight|p2a: Clefable
|-heal|p2a: Clefable|54/100
|
|-status|p1a: Milotic|brn|[from] item: Flame Orb
|upkeep
|turn|19
|
|move|p2a: Clefable|Calm Mind|p2a: Clefable
|-boost|p2a: Clefable|spa|1
|-boost|p2a: Clefable|spd|1
|move|p1a: Milotic|Mirror Coat||[still]
|-fail|p1a: Milotic
|
|-damage|p1a: Milotic|94/100 brn|[from] brn
|upkeep
|turn|20
|
|switch|p1a: Toxtricity|Toxtricity, M|66/100
|move|p2a: Clefable|Moonlight|p2a: Clefable
|-heal|p2a: Clefable|100/100
|
|upkeep
|turn|21
|
|switch|p2a: Copperajah|Copperajah, M|55/100
|move|p1a: Toxtricity|Sludge Wave|p2a: Copperajah
|-immune|p2a: Copperajah
|
|upkeep
|turn|22
|
|switch|p1a: Milotic|Milotic, F|94/100 brn
|move|p2a: Copperajah|Heavy Slam|p1a: Milotic
|-resisted|p1a: Milotic
|-damage|p1a: Milotic|80/100 brn
|
|-damage|p1a: Milotic|74/100 brn|[from] brn
|upkeep
|turn|23
|
|move|p1a: Milotic|Scald|p2a: Copperajah
|-damage|p2a: Copperajah|41/100
|move|p2a: Copperajah|Power Whip|p1a: Milotic
|-supereffective|p1a: Milotic
|-damage|p1a: Milotic|30/100 brn
|
|-damage|p1a: Milotic|24/100 brn|[from] brn
|upkeep
|turn|24
|
|switch|p1a: Flygon|Flygon, M|100/100
|switch|p2a: Toxtricity|Toxtricity, M|64/100
|
|upkeep
|turn|25
|
|switch|p2a: Mandibuzz|Mandibuzz, F|34/100
|move|p1a: Flygon|Earthquake|p2a: Mandibuzz
|-immune|p2a: Mandibuzz
|
|upkeep
|turn|26
|
|switch|p1a: Toxtricity|Toxtricity, M|66/100
|move|p2a: Mandibuzz|Defog|p1a: Toxtricity
|-unboost|p1a: Toxtricity|evasion|1
|
|upkeep
|turn|27
|
|switch|p2a: Corsola|Corsola-Galar, F|39/100
|move|p1a: Toxtricity|Volt Switch|p2a: Corsola
|-damage|p2a: Corsola|0 fnt
|-start|p1a: Toxtricity|Disable|Volt Switch|[from] ability: Cursed Body|[of] p2a: Corsola
|faint|p2a: Corsola
|
|switch|p1a: Flygon|Flygon, M|100/100|[from]move: Volt Switch
|
|upkeep
|
|switch|p2a: Mandibuzz|Mandibuzz, F|34/100
|turn|28
|
|move|p1a: Flygon|U-turn|p2a: Mandibuzz
|-damage|p2a: Mandibuzz|19/100
|
|switch|p1a: Milotic|Milotic, F|24/100 brn|[from]move: U-turn
|move|p2a: Mandibuzz|Roost|p2a: Mandibuzz
|-heal|p2a: Mandibuzz|69/100
|-singleturn|p2a: Mandibuzz|move: Roost
|
|-damage|p1a: Milotic|18/100 brn|[from] brn
|upkeep
|turn|29
|
|switch|p2a: Toxtricity|Toxtricity, M|64/100
|move|p1a: Milotic|Recover|p1a: Milotic
|-heal|p1a: Milotic|68/100 brn
|
|-damage|p1a: Milotic|62/100 brn|[from] brn
|upkeep
|turn|30
|
|move|p2a: Toxtricity|Boomburst|p1a: Milotic
|-damage|p1a: Milotic|2/100 brn
|move|p1a: Milotic|Mirror Coat|p2a: Toxtricity
|-damage|p2a: Toxtricity|0 fnt
|faint|p2a: Toxtricity
|
|-damage|p1a: Milotic|0 fnt|[from] brn
|faint|p1a: Milotic
|upkeep
|
|switch|p2a: Mandibuzz|Mandibuzz, F|69/100
|switch|p1a: Ferrothorn|Ferrothorn, F|52/100
|turn|31
|
|move|p2a: Mandibuzz|Knock Off|p1a: Ferrothorn
|-damage|p1a: Ferrothorn|37/100
|-damage|p2a: Mandibuzz|57/100|[from] ability: Iron Barbs|[of] p1a: Ferrothorn
|-enditem|p1a: Ferrothorn|Leftovers|[from] move: Knock Off|[of] p2a: Mandibuzz
|move|p1a: Ferrothorn|Leech Seed|p2a: Mandibuzz
|-start|p2a: Mandibuzz|move: Leech Seed
|
|-damage|p2a: Mandibuzz|44/100|[from] Leech Seed|[of] p1a: Ferrothorn
|-heal|p1a: Ferrothorn|52/100|[silent]
|upkeep
|turn|32
|
|switch|p1a: Flygon|Flygon, M|100/100
|move|p2a: Mandibuzz|Roost|p2a: Mandibuzz
|-heal|p2a: Mandibuzz|94/100
|-singleturn|p2a: Mandibuzz|move: Roost
|
|-damage|p2a: Mandibuzz|82/100|[from] Leech Seed|[of] p1a: Flygon
|upkeep
|turn|33
|
|move|p1a: Flygon|Outrage|p2a: Mandibuzz
|-damage|p2a: Mandibuzz|43/100
|move|p2a: Mandibuzz|Knock Off|p1a: Flygon
|-damage|p1a: Flygon|67/100
|-enditem|p1a: Flygon|Choice Scarf|[from] move: Knock Off|[of] p2a: Mandibuzz
|
|-damage|p2a: Mandibuzz|31/100|[from] Leech Seed|[of] p1a: Flygon
|-heal|p1a: Flygon|85/100|[silent]
|upkeep
|turn|34
|
|switch|p2a: Clefable|Clefable, F, shiny|100/100
|move|p1a: Flygon|Outrage|p2a: Clefable|[from]lockedmove
|-immune|p2a: Clefable
|
|upkeep
|turn|35
|
|switch|p1a: Ferrothorn|Ferrothorn, F|52/100
|move|p2a: Clefable|Moonblast|p1a: Ferrothorn
|-resisted|p1a: Ferrothorn
|-damage|p1a: Ferrothorn|33/100
|-unboost|p1a: Ferrothorn|spa|1
|
|upkeep
|turn|36
|
|switch|p2a: Copperajah|Copperajah, M|41/100
|move|p1a: Ferrothorn|Gyro Ball|p2a: Copperajah
|-resisted|p2a: Copperajah
|-damage|p2a: Copperajah|31/100
|
|upkeep
|turn|37
|
|move|p2a: Copperajah|Heat Crash|p1a: Ferrothorn
|-supereffective|p1a: Ferrothorn
|-damage|p1a: Ferrothorn|0 fnt
|-damage|p2a: Copperajah|18/100|[from] ability: Iron Barbs|[of] p1a: Ferrothorn
|faint|p1a: Ferrothorn
|
|upkeep
|
|switch|p1a: Flygon|Flygon, M|85/100
|turn|38
|
|move|p1a: Flygon|U-turn|p2a: Copperajah
|-resisted|p2a: Copperajah
|-crit|p2a: Copperajah
|-damage|p2a: Copperajah|2/100
|
|switch|p1a: Toxtricity|Toxtricity, M|66/100|[from]move: U-turn
|move|p2a: Copperajah|Heavy Slam|p1a: Toxtricity
|-resisted|p1a: Toxtricity
|-damage|p1a: Toxtricity|15/100
|
|upkeep
|turn|39
|
|move|p1a: Toxtricity|Volt Switch|p2a: Copperajah
|-damage|p2a: Copperajah|0 fnt
|faint|p2a: Copperajah
|
|switch|p1a: Flygon|Flygon, M|85/100|[from]move: Volt Switch
|
|upkeep
|
|switch|p2a: Dragapult|Dragapult, M|100/100
|turn|40
|
|move|p2a: Dragapult|Dragon Dance|p2a: Dragapult
|-boost|p2a: Dragapult|atk|1
|-boost|p2a: Dragapult|spe|1
|move|p1a: Flygon|Outrage|p2a: Dragapult
|-supereffective|p2a: Dragapult
|-damage|p2a: Dragapult|0 fnt
|faint|p2a: Dragapult
|
|upkeep
|
|switch|p2a: Clefable|Clefable, F, shiny|100/100
|turn|41
|
|move|p1a: Flygon|Outrage|p2a: Clefable|[from]lockedmove
|-immune|p2a: Clefable
|-start|p1a: Flygon|confusion|[fatigue]
|move|p2a: Clefable|Calm Mind|p2a: Clefable
|-boost|p2a: Clefable|spa|1
|-boost|p2a: Clefable|spd|1
|
|upkeep
|turn|42
|
|-activate|p1a: Flygon|confusion
|move|p1a: Flygon|Earthquake|p2a: Clefable
|-damage|p2a: Clefable|69/100
|move|p2a: Clefable|Calm Mind|p2a: Clefable
|-boost|p2a: Clefable|spa|1
|-boost|p2a: Clefable|spd|1
|
|upkeep
|turn|43
|
|-activate|p1a: Flygon|confusion
|move|p1a: Flygon|Earthquake|p2a: Clefable
|-damage|p2a: Clefable|34/100
|move|p2a: Clefable|Moonlight|p2a: Clefable
|-heal|p2a: Clefable|84/100
|
|upkeep
|turn|44
|
|switch|p1a: Toxtricity|Toxtricity, M|15/100
|move|p2a: Clefable|Moonblast|p1a: Toxtricity
|-resisted|p1a: Toxtricity
|-damage|p1a: Toxtricity|0 fnt
|faint|p1a: Toxtricity
|
|upkeep
|-message|peska forfeited.
|
|win|Leonheart45
|l|☆peska
