|ScrapeTime|2020-01-03-00:35:02
|j|☆A7erage
|j|☆Ggggggggghg
|player|p1|A7erage|shadowtriad|1321
|player|p2|Ggggggggghg|1|1330
|teamsize|p1|6
|teamsize|p2|6
|gametype|singles
|gen|8
|tier|[Gen 8] OU
|rated|
|rule|Sleep Clause Mod: Limit one foe put to sleep
|rule|Species Clause: Limit one of each Pokémon
|rule|OHKO Clause: OHKO moves are banned
|rule|Evasion Moves Clause: Evasion moves are banned
|rule|Endless Battle Clause: Forcing endless battles is banned
|rule|HP Percentage Mod: HP is shown in percentages
|clearpoke
|poke|p1|Corsola-Galar, M|
|poke|p1|Dracovish|
|poke|p1|Excadrill, M|
|poke|p1|Grimmsnarl, M|
|poke|p1|Jolteon, M|
|poke|p1|Silvally-*|
|poke|p2|Goodra, M|
|poke|p2|Toxicroak, M|
|poke|p2|Araquanid, F|
|poke|p2|Chandelure, M|
|poke|p2|Rotom-Wash|
|poke|p2|Lucario, F|
|rule|Dynamax Clause: You cannot dynamax
|teampreview
|inactive|Battle timer is ON: inactive players will automatically lose when time's up. (requested by Ggggggggghg)
|
|start
|switch|p1a: My will to Live|Excadrill, M|100/100
|switch|p2a: Araquanid|Araquanid, F|100/100
|-ability|p1a: My will to Live|Mold Breaker
|turn|1
|inactive|A7erage has 120 seconds left.
|
|move|p1a: My will to Live|Stealth Rock|p2a: Araquanid
|-sidestart|p2: Ggggggggghg|move: Stealth Rock
|move|p2a: Araquanid|Liquidation|p1a: My will to Live
|-supereffective|p1a: My will to Live
|-enditem|p1a: My will to Live|Focus Sash
|-damage|p1a: My will to Live|1/100
|-unboost|p1a: My will to Live|def|1
|
|upkeep
|turn|2
|inactive|A7erage has 120 seconds left.
|
|switch|p1a: Global Warming|Corsola-Galar, M|100/100
|move|p2a: Araquanid|Giga Drain|p1a: Global Warming
|-damage|p1a: Global Warming|95/100
|-start|p2a: Araquanid|Disable|Giga Drain|[from] ability: Cursed Body|[of] p1a: Global Warming
|
|upkeep
|turn|3
|inactive|Ggggggggghg has 120 seconds left.
|
|switch|p2a: Lucario|Lucario, F|100/100
|-damage|p2a: Lucario|98/100|[from] Stealth Rock
|move|p1a: Global Warming|Confuse Ray|p2a: Lucario
|-start|p2a: Lucario|confusion
|
|upkeep
|turn|4
|inactive|Ggggggggghg has 120 seconds left.
|inactive|Ggggggggghg has 90 seconds left.
|
|-activate|p2a: Lucario|confusion
|move|p2a: Lucario|Substitute|p2a: Lucario
|-start|p2a: Lucario|Substitute
|-damage|p2a: Lucario|73/100
|move|p1a: Global Warming|Will-O-Wisp||[still]
|-fail|p1a: Global Warming
|
|upkeep
|turn|5
|inactive|A7erage has 120 seconds left.
|
|-activate|p2a: Lucario|confusion
|move|p2a: Lucario|Nasty Plot|p2a: Lucario
|-boost|p2a: Lucario|spa|2
|move|p1a: Global Warming|Night Shade|p2a: Lucario
|-end|p2a: Lucario|Substitute
|
|upkeep
|turn|6
|inactive|Ggggggggghg has 90 seconds left.
|inactive|A7erage has 120 seconds left.
|
|-activate|p2a: Lucario|confusion
|move|p2a: Lucario|Flash Cannon|p1a: Global Warming
|-crit|p1a: Global Warming
|-damage|p1a: Global Warming|27/100
|move|p1a: Global Warming|Night Shade|p2a: Lucario
|-damage|p2a: Lucario|37/100
|
|upkeep
|turn|7
|inactive|A7erage has 120 seconds left.
|
|-end|p2a: Lucario|confusion
|move|p2a: Lucario|Substitute|p2a: Lucario
|-start|p2a: Lucario|Substitute
|-damage|p2a: Lucario|12/100
|-enditem|p2a: Lucario|Salac Berry|[eat]
|-boost|p2a: Lucario|spe|1
|move|p1a: Global Warming|Strength Sap||[still]
|-fail|p1a: Global Warming
|
|upkeep
|turn|8
|
|move|p2a: Lucario|Flash Cannon|p1a: Global Warming
|-damage|p1a: Global Warming|0 fnt
|faint|p1a: Global Warming
|
|upkeep
|inactive|A7erage has 120 seconds left.
|
|switch|p1a: Lightning McQueen|Jolteon, M|100/100
|turn|9
|
|move|p2a: Lucario|Focus Blast|p1a: Lightning McQueen
|-crit|p1a: Lightning McQueen
|-damage|p1a: Lightning McQueen|0 fnt
|faint|p1a: Lightning McQueen
|
|upkeep
|inactive|A7erage has 120 seconds left.
|
|switch|p1a: No Curse Words|Silvally-Fire|100/100
|turn|10
|
|move|p2a: Lucario|Focus Blast|p1a: No Curse Words|[miss]
|-miss|p2a: Lucario|p1a: No Curse Words
|move|p1a: No Curse Words|Multi-Attack|p2a: Lucario
|-supereffective|p2a: Lucario
|-end|p2a: Lucario|Substitute
|
|upkeep
|turn|11
|
|move|p2a: Lucario|Focus Blast|p1a: No Curse Words
|-damage|p1a: No Curse Words|0 fnt
|faint|p1a: No Curse Words
|
|upkeep
|
|switch|p1a: Grimmboy|Grimmsnarl, M|100/100
|turn|12
|inactive|Ggggggggghg has 120 seconds left.
|
|move|p1a: Grimmboy|Fake Out|p2a: Lucario
|-resisted|p2a: Lucario
|-damage|p2a: Lucario|3/100
|-ability|p2a: Lucario|Steadfast|boost
|-boost|p2a: Lucario|spe|1
|cant|p2a: Lucario|flinch
|
|upkeep
|turn|13
|
|move|p1a: Grimmboy|Sucker Punch|p2a: Lucario
|-resisted|p2a: Lucario
|-damage|p2a: Lucario|0 fnt
|faint|p2a: Lucario
|
|upkeep
|inactive|Ggggggggghg has 120 seconds left.
|
|switch|p2a: Araquanid|Araquanid, F|100/100
|-damage|p2a: Araquanid|75/100|[from] Stealth Rock
|turn|14
|
|move|p1a: Grimmboy|Spirit Break|p2a: Araquanid
|-damage|p2a: Araquanid|49/100
|-unboost|p2a: Araquanid|spa|1
|move|p2a: Araquanid|Liquidation|p1a: Grimmboy
|-damage|p1a: Grimmboy|53/100
|
|-heal|p1a: Grimmboy|59/100|[from] item: Leftovers
|-heal|p2a: Araquanid|55/100|[from] item: Leftovers
|upkeep
|turn|15
|
|move|p1a: Grimmboy|Spirit Break|p2a: Araquanid
|-damage|p2a: Araquanid|27/100
|-unboost|p2a: Araquanid|spa|1
|move|p2a: Araquanid|Liquidation|p1a: Grimmboy
|-damage|p1a: Grimmboy|12/100
|
|-heal|p1a: Grimmboy|18/100|[from] item: Leftovers
|-heal|p2a: Araquanid|33/100|[from] item: Leftovers
|upkeep
|turn|16
|
|move|p2a: Araquanid|Protect|p2a: Araquanid
|-singleturn|p2a: Araquanid|Protect
|move|p1a: Grimmboy|Sucker Punch||[still]
|-fail|p1a: Grimmboy
|
|-heal|p1a: Grimmboy|24/100|[from] item: Leftovers
|-heal|p2a: Araquanid|39/100|[from] item: Leftovers
|upkeep
|turn|17
|
|move|p1a: Grimmboy|Spirit Break|p2a: Araquanid
|-damage|p2a: Araquanid|11/100
|-unboost|p2a: Araquanid|spa|1
|move|p2a: Araquanid|Liquidation|p1a: Grimmboy
|-damage|p1a: Grimmboy|0 fnt
|faint|p1a: Grimmboy
|
|-heal|p2a: Araquanid|17/100|[from] item: Leftovers
|upkeep
|
|switch|p1a: My will to Live|Excadrill, M|1/100
|-ability|p1a: My will to Live|Mold Breaker
|turn|18
|
|move|p2a: Araquanid|Protect|p2a: Araquanid
|-singleturn|p2a: Araquanid|Protect
|move|p1a: My will to Live|Earthquake|p2a: Araquanid
|-activate|p2a: Araquanid|move: Protect
|
|-heal|p2a: Araquanid|23/100|[from] item: Leftovers
|upkeep
|turn|19
|
|move|p1a: My will to Live|Earthquake|p2a: Araquanid
|-resisted|p2a: Araquanid
|-damage|p2a: Araquanid|4/100
|move|p2a: Araquanid|Liquidation|p1a: My will to Live
|-supereffective|p1a: My will to Live
|-damage|p1a: My will to Live|0 fnt
|faint|p1a: My will to Live
|
|-heal|p2a: Araquanid|10/100|[from] item: Leftovers
|upkeep
|
|switch|p1a: Mr. Fish|Dracovish|100/100
|turn|20
|
|move|p1a: Mr. Fish|Fishious Rend|p2a: Araquanid
|-resisted|p2a: Araquanid
|-damage|p2a: Araquanid|0 fnt
|faint|p2a: Araquanid
|
|upkeep
|
|switch|p2a: Toxicroak|Toxicroak, M|100/100
|-damage|p2a: Toxicroak|94/100|[from] Stealth Rock
|turn|21
|
|move|p1a: Mr. Fish|Fishious Rend|p2a: Toxicroak
|-heal|p2a: Toxicroak|100/100|[from] ability: Dry Skin|[of] p1a: Mr. Fish
|move|p2a: Toxicroak|Drain Punch|p1a: Mr. Fish
|-damage|p1a: Mr. Fish|67/100
|
|upkeep
|turn|22
|-message|A7erage forfeited.
|
|win|Ggggggggghg
|l|☆A7erage
|raw|A7erage's rating: 1321 → 1302(-19 for losing)
|raw|Ggggggggghg's rating: 1330 → 1350(+20 for winning)
