|ScrapeTime|2020-01-02-14:24:38
|j|☆Synfell
|j|☆TabuzOU
|player|p1|Synfell|veteranf|1349
|player|p2|TabuzOU|blaine|1348
|teamsize|p1|6
|teamsize|p2|6
|gametype|singles
|gen|8
|tier|[Gen 8] OU
|rated|
|rule|Sleep Clause Mod: Limit one foe put to sleep
|rule|Species Clause: Limit one of each Pokémon
|rule|OHKO Clause: OHKO moves are banned
|rule|Evasion Moves Clause: Evasion moves are banned
|rule|Endless Battle Clause: Forcing endless battles is banned
|rule|HP Percentage Mod: HP is shown in percentages
|clearpoke
|poke|p1|Mimikyu, F|
|poke|p1|Bisharp, M|
|poke|p1|Corviknight, M|
|poke|p1|Hatterene, F|
|poke|p1|Excadrill, M|
|poke|p1|Conkeldurr, M|
|poke|p2|Sylveon, M|
|poke|p2|Seismitoad, M|
|poke|p2|Hydreigon, M|
|poke|p2|Corviknight, F|
|poke|p2|Dragapult, F|
|poke|p2|Durant, M|
|rule|Dynamax Clause: You cannot dynamax
|teampreview
|inactive|Battle timer is ON: inactive players will automatically lose when time's up. (requested by Synfell)
|
|start
|switch|p1a: Excadrill|Excadrill, M|100/100
|switch|p2a: Durant|Durant, M|100/100
|-ability|p1a: Excadrill|Mold Breaker
|turn|1
|
|move|p2a: Durant|Stomping Tantrum|p1a: Excadrill
|-supereffective|p1a: Excadrill
|-enditem|p1a: Excadrill|Focus Sash
|-damage|p1a: Excadrill|1/100
|-damage|p2a: Durant|91/100|[from] item: Life Orb
|move|p1a: Excadrill|Stealth Rock|p2a: Durant
|-sidestart|p2: TabuzOU|move: Stealth Rock
|
|upkeep
|turn|2
|
|switch|p2a: Corviknight|Corviknight, F|100/100
|-damage|p2a: Corviknight|88/100|[from] Stealth Rock
|-ability|p2a: Corviknight|Pressure
|switch|p1a: Corviknight|Corviknight, M|100/100
|-ability|p1a: Corviknight|Pressure
|
|-heal|p2a: Corviknight|94/100|[from] item: Leftovers
|upkeep
|turn|3
|
|switch|p1a: Bisharp|Bisharp, M, shiny|100/100
|move|p2a: Corviknight|Defog|p1a: Bisharp
|-unboost|p1a: Bisharp|evasion|1
|-ability|p1a: Bisharp|Defiant
|-boost|p1a: Bisharp|atk|2
|-sideend|p2: TabuzOU|Stealth Rock|[from] move: Defog|[of] p2a: Corviknight
|
|-heal|p2a: Corviknight|100/100|[from] item: Leftovers
|upkeep
|turn|4
|
|move|p1a: Bisharp|Throat Chop|p2a: Corviknight
|-damage|p2a: Corviknight|18/100
|-start|p2a: Corviknight|Throat Chop|[silent]
|-damage|p1a: Bisharp|91/100|[from] item: Life Orb
|move|p2a: Corviknight|U-turn|p1a: Bisharp
|-damage|p1a: Bisharp|76/100
|
|switch|p2a: Hydreigon|Hydreigon, M|100/100|[from]move: U-turn
|
|upkeep
|turn|5
|
|switch|p1a: Excadrill|Excadrill, M|1/100
|-ability|p1a: Excadrill|Mold Breaker
|move|p2a: Hydreigon|Substitute|p2a: Hydreigon
|-start|p2a: Hydreigon|Substitute
|-damage|p2a: Hydreigon|76/100
|
|-heal|p2a: Hydreigon|82/100|[from] item: Leftovers
|upkeep
|turn|6
|
|move|p2a: Hydreigon|Dark Pulse|p1a: Excadrill
|-damage|p1a: Excadrill|0 fnt
|faint|p1a: Excadrill
|
|-heal|p2a: Hydreigon|88/100|[from] item: Leftovers
|upkeep
|
|switch|p1a: Conkeldurr|Conkeldurr, M|100/100
|turn|7
|
|move|p1a: Conkeldurr|Mach Punch|p2a: Hydreigon
|-supereffective|p2a: Hydreigon
|-end|p2a: Hydreigon|Substitute
|move|p2a: Hydreigon|Flash Cannon|p1a: Conkeldurr
|-damage|p1a: Conkeldurr|64/100
|
|-heal|p2a: Hydreigon|94/100|[from] item: Leftovers
|-status|p1a: Conkeldurr|brn|[from] item: Flame Orb
|upkeep
|turn|8
|
|switch|p2a: Dragapult|Dragapult, F|100/100
|move|p1a: Conkeldurr|Earthquake|p2a: Dragapult
|-damage|p2a: Dragapult|15/100
|
|-damage|p1a: Conkeldurr|58/100 brn|[from] brn
|upkeep
|turn|9
|
|move|p2a: Dragapult|U-turn|p1a: Conkeldurr
|-resisted|p1a: Conkeldurr
|-damage|p1a: Conkeldurr|50/100 brn
|inactive|TabuzOU has 120 seconds left.
|
|switch|p2a: Sylveon|Sylveon, M, shiny|100/100|[from]move: U-turn
|move|p1a: Conkeldurr|Earthquake|p2a: Sylveon
|-damage|p2a: Sylveon|55/100
|
|-heal|p2a: Sylveon|61/100|[from] item: Leftovers
|-damage|p1a: Conkeldurr|44/100 brn|[from] brn
|upkeep
|turn|10
|
|switch|p1a: Hatterene|Hatterene, F|100/100
|move|p2a: Sylveon|Hyper Voice|p1a: Hatterene
|-damage|p1a: Hatterene|59/100
|
|-heal|p2a: Sylveon|68/100|[from] item: Leftovers
|-heal|p1a: Hatterene|65/100|[from] item: Leftovers
|upkeep
|turn|11
|
|move|p2a: Sylveon|Mystical Fire|p1a: Hatterene
|-damage|p1a: Hatterene|45/100
|-unboost|p1a: Hatterene|spa|1
|move|p1a: Hatterene|Draining Kiss|p2a: Sylveon
|-damage|p2a: Sylveon|57/100
|-heal|p1a: Hatterene|55/100|[from] drain|[of] p2a: Sylveon
|
|-heal|p2a: Sylveon|63/100|[from] item: Leftovers
|-heal|p1a: Hatterene|61/100|[from] item: Leftovers
|upkeep
|turn|12
|
|switch|p1a: Conkeldurr|Conkeldurr, M|44/100 brn
|move|p2a: Sylveon|Hyper Voice|p1a: Conkeldurr
|-supereffective|p1a: Conkeldurr
|-damage|p1a: Conkeldurr|0 fnt
|faint|p1a: Conkeldurr
|
|-heal|p2a: Sylveon|69/100|[from] item: Leftovers
|upkeep
|
|switch|p1a: Mimikyu|Mimikyu, F|100/100
|turn|13
|inactive|TabuzOU has 120 seconds left.
|
|move|p1a: Mimikyu|Shadow Claw|p2a: Sylveon
|-damage|p2a: Sylveon|34/100
|-damage|p1a: Mimikyu|91/100|[from] item: Life Orb
|move|p2a: Sylveon|Hyper Voice|p1a: Mimikyu
|-activate|p1a: Mimikyu|ability: Disguise
|-damage|p1a: Mimikyu|91/100
|detailschange|p1a: Mimikyu|Mimikyu-Busted, F
|-damage|p1a: Mimikyu|78/100|[from] ability: Disguise|[of] p1a: Mimikyu
|
|-heal|p2a: Sylveon|40/100|[from] item: Leftovers
|upkeep
|turn|14
|
|move|p1a: Mimikyu|Shadow Claw|p2a: Sylveon
|-damage|p2a: Sylveon|5/100
|-damage|p1a: Mimikyu|68/100|[from] item: Life Orb
|move|p2a: Sylveon|Wish|p2a: Sylveon
|
|-heal|p2a: Sylveon|11/100|[from] item: Leftovers
|upkeep
|turn|15
|
|move|p2a: Sylveon|Protect|p2a: Sylveon
|-singleturn|p2a: Sylveon|Protect
|move|p1a: Mimikyu|Swords Dance|p1a: Mimikyu
|-boost|p1a: Mimikyu|atk|2
|
|-heal|p2a: Sylveon|61/100|[from] move: Wish|[wisher] Sylveon
|-heal|p2a: Sylveon|67/100|[from] item: Leftovers
|upkeep
|turn|16
|
|move|p1a: Mimikyu|Shadow Claw|p2a: Sylveon
|-damage|p2a: Sylveon|0 fnt
|-damage|p1a: Mimikyu|58/100|[from] item: Life Orb
|faint|p2a: Sylveon
|
|upkeep
|
|switch|p2a: Seismitoad|Seismitoad, M, shiny|100/100
|turn|17
|
|move|p1a: Mimikyu|Play Rough|p2a: Seismitoad
|-damage|p2a: Seismitoad|30/100
|-damage|p1a: Mimikyu|48/100|[from] item: Life Orb
|move|p2a: Seismitoad|Earth Power|p1a: Mimikyu
|-damage|p1a: Mimikyu|15/100
|
|-heal|p2a: Seismitoad|36/100|[from] item: Leftovers
|upkeep
|turn|18
|
|move|p1a: Mimikyu|Shadow Claw|p2a: Seismitoad
|-damage|p2a: Seismitoad|0 fnt
|-damage|p1a: Mimikyu|5/100|[from] item: Life Orb
|faint|p2a: Seismitoad
|
|upkeep
|
|switch|p2a: Hydreigon|Hydreigon, M|94/100
|turn|19
|
|move|p2a: Hydreigon|Substitute|p2a: Hydreigon
|-start|p2a: Hydreigon|Substitute
|-damage|p2a: Hydreigon|69/100
|move|p1a: Mimikyu|Play Rough|p2a: Hydreigon
|-supereffective|p2a: Hydreigon
|-end|p2a: Hydreigon|Substitute
|-damage|p1a: Mimikyu|0 fnt|[from] item: Life Orb
|faint|p1a: Mimikyu
|
|-heal|p2a: Hydreigon|75/100|[from] item: Leftovers
|upkeep
|
|switch|p1a: Hatterene|Hatterene, F|61/100
|turn|20
|
|switch|p2a: Durant|Durant, M|91/100
|move|p1a: Hatterene|Draining Kiss|p2a: Durant
|-resisted|p2a: Durant
|-damage|p2a: Durant|62/100
|-heal|p1a: Hatterene|78/100|[from] drain|[of] p2a: Durant
|
|-heal|p1a: Hatterene|84/100|[from] item: Leftovers
|upkeep
|turn|21
|
|switch|p2a: Dragapult|Dragapult, F|15/100
|switch|p1a: Corviknight|Corviknight, M|100/100
|-ability|p1a: Corviknight|Pressure
|
|upkeep
|turn|22
|
|move|p2a: Dragapult|Thunder|p1a: Corviknight|[miss]
|-miss|p2a: Dragapult|p1a: Corviknight
|move|p1a: Corviknight|U-turn|p2a: Dragapult
|-resisted|p2a: Dragapult
|-damage|p2a: Dragapult|5/100
|
|switch|p1a: Bisharp|Bisharp, M, shiny|76/100|[from]move: U-turn
|
|upkeep
|turn|23
|
|move|p1a: Bisharp|Sucker Punch|p2a: Dragapult
|-supereffective|p2a: Dragapult
|-damage|p2a: Dragapult|0 fnt
|-damage|p1a: Bisharp|66/100|[from] item: Life Orb
|faint|p2a: Dragapult
|
|upkeep
|
|switch|p2a: Hydreigon|Hydreigon, M|75/100
|turn|24
|
|move|p2a: Hydreigon|Substitute|p2a: Hydreigon
|-start|p2a: Hydreigon|Substitute
|-damage|p2a: Hydreigon|50/100
|move|p1a: Bisharp|Iron Head|p2a: Hydreigon
|-end|p2a: Hydreigon|Substitute
|-damage|p1a: Bisharp|56/100|[from] item: Life Orb
|
|-heal|p2a: Hydreigon|57/100|[from] item: Leftovers
|upkeep
|turn|25
|
|switch|p2a: Corviknight|Corviknight, F|18/100
|-ability|p2a: Corviknight|Pressure
|move|p1a: Bisharp|Iron Head|p2a: Corviknight
|-resisted|p2a: Corviknight
|-damage|p2a: Corviknight|0 fnt
|-damage|p1a: Bisharp|47/100|[from] item: Life Orb
|faint|p2a: Corviknight
|
|upkeep
|
|switch|p2a: Durant|Durant, M|62/100
|turn|26
|
|switch|p1a: Corviknight|Corviknight, M|100/100
|-ability|p1a: Corviknight|Pressure
|move|p2a: Durant|First Impression|p1a: Corviknight
|-resisted|p1a: Corviknight
|-damage|p1a: Corviknight|84/100
|-damage|p2a: Durant|52/100|[from] item: Life Orb
|
|-heal|p1a: Corviknight|91/100|[from] item: Leftovers
|upkeep
|turn|27
|
|move|p2a: Durant|Superpower|p1a: Corviknight
|-damage|p1a: Corviknight|36/100
|-unboost|p2a: Durant|atk|1
|-unboost|p2a: Durant|def|1
|-damage|p2a: Durant|43/100|[from] item: Life Orb
|move|p1a: Corviknight|U-turn|p2a: Durant
|-resisted|p2a: Durant
|-damage|p2a: Durant|29/100
|
|switch|p1a: Bisharp|Bisharp, M, shiny|47/100|[from]move: U-turn
|
|upkeep
|turn|28
|
|switch|p2a: Hydreigon|Hydreigon, M|57/100
|move|p1a: Bisharp|Sucker Punch||[still]
|-fail|p1a: Bisharp
|
|-heal|p2a: Hydreigon|63/100|[from] item: Leftovers
|upkeep
|turn|29
|
|move|p2a: Hydreigon|Substitute|p2a: Hydreigon
|-start|p2a: Hydreigon|Substitute
|-damage|p2a: Hydreigon|38/100
|move|p1a: Bisharp|Iron Head|p2a: Hydreigon
|-end|p2a: Hydreigon|Substitute
|-damage|p1a: Bisharp|37/100|[from] item: Life Orb
|
|-heal|p2a: Hydreigon|44/100|[from] item: Leftovers
|upkeep
|turn|30
|
|move|p2a: Hydreigon|Substitute|p2a: Hydreigon
|-start|p2a: Hydreigon|Substitute
|-damage|p2a: Hydreigon|19/100
|move|p1a: Bisharp|Iron Head|p2a: Hydreigon
|-end|p2a: Hydreigon|Substitute
|-damage|p1a: Bisharp|27/100|[from] item: Life Orb
|
|-heal|p2a: Hydreigon|25/100|[from] item: Leftovers
|upkeep
|turn|31
|
|move|p2a: Hydreigon|Dark Pulse|p1a: Bisharp
|-resisted|p1a: Bisharp
|-damage|p1a: Bisharp|1/100
|move|p1a: Bisharp|Iron Head|p2a: Hydreigon
|-damage|p2a: Hydreigon|0 fnt
|-damage|p1a: Bisharp|0 fnt|[from] item: Life Orb
|faint|p2a: Hydreigon
|faint|p1a: Bisharp
|
|upkeep
|
|switch|p2a: Durant|Durant, M|29/100
|switch|p1a: Hatterene|Hatterene, F|84/100
|turn|32
|
|move|p2a: Durant|Iron Head|p1a: Hatterene
|-supereffective|p1a: Hatterene
|-damage|p1a: Hatterene|0 fnt
|-damage|p2a: Durant|19/100|[from] item: Life Orb
|faint|p1a: Hatterene
|
|upkeep
|
|switch|p1a: Corviknight|Corviknight, M|36/100
|-ability|p1a: Corviknight|Pressure
|turn|33
|
|move|p2a: Durant|Superpower|p1a: Corviknight
|-damage|p1a: Corviknight|0 fnt
|-unboost|p2a: Durant|atk|1
|-unboost|p2a: Durant|def|1
|-damage|p2a: Durant|9/100|[from] item: Life Orb
|faint|p1a: Corviknight
|
|win|TabuzOU
|c|☆TabuzOU|gg
|c|☆Synfell|gg
|raw|Synfell's rating: 1349 → 1329(-20 for losing)
|raw|TabuzOU's rating: 1348 → 1368(+20 for winning)
